<?xml version="1.0" encoding="UTF-8"?>
<!DOCTYPE html PUBLIC "-//W3C//DTD XHTML 1.0 Transitional//EN"
    "http://www.w3.org/TR/xhtml1/DTD/xhtml1-transitional.dtd">
<html xmlns="http://www.w3.org/1999/xhtml" xml:lang="en" lang="en">
 <head>
  <title>
</title>
<meta http-equiv="Content-Type" content="text/html;charset=utf-8" />
  <meta name='ocr-system' content='tesseract 3.04.00' />
  <meta name='ocr-capabilities' content='ocr_page ocr_carea ocr_par ocr_line ocrx_word'/>
</head>
<body>
  <div class='ocr_page' id='page_1' title='image "./ephemerisepigrap08deutuoft_0245.png"; bbox 0 0 2216 3796; ppageno 0'>
   <div class='ocr_carea' id='block_1_1' title="bbox 653 293 1863 345">
    <p class='ocr_par' dir='ltr' id='par_1_1' title="bbox 653 293 1863 345">
     <span class='ocr_line' id='line_1_1' title="bbox 653 293 1863 345; baseline -0.002 -2"><span class='ocrx_word' id='word_1_1' title='bbox 653 308 894 345; x_wconf 75' lang='lat' dir='ltr'><strong>LvnoavM</strong></span> <span class='ocrx_word' id='word_1_2' title='bbox 929 306 1290 344; x_wconf 71' lang='lat' dir='ltr'><strong>sAnchAva.</strong></span> <span class='ocrx_word' id='word_1_3' title='bbox 1767 293 1863 342; x_wconf 79' lang='lat'><strong>237</strong></span> 
     </span>
    </p>
   </div>
   <div class='ocr_carea' id='block_1_2' title="bbox 0 0 328 3536">
    <p class='ocr_par' dir='ltr' id='par_1_2' title="bbox 0 0 328 3536">
     <span class='ocr_line' id='line_1_2' title="bbox 0 0 328 710; baseline 0 0"><span class='ocrx_word' id='word_1_4' title='bbox 0 0 328 710; x_wconf 95' lang='lat' dir='ltr'><strong>   </strong></span> 
     </span>
     <span class='ocr_line' id='line_1_3' title="bbox 0 710 200 1018; baseline 0 -30"><span class='ocrx_word' id='word_1_5' title='bbox 0 710 200 1018; x_wconf 95' lang='lat' dir='ltr'><strong>     </strong></span> 
     </span>
     <span class='ocr_line' id='line_1_4' title="bbox 0 1018 192 1155; baseline 0 0"><span class='ocrx_word' id='word_1_6' title='bbox 0 1018 192 1155; x_wconf 95' lang='lat' dir='ltr'><strong>    </strong></span> 
     </span>
     <span class='ocr_line' id='line_1_5' title="bbox 0 1155 152 1332; baseline 0 -69"><span class='ocrx_word' id='word_1_7' title='bbox 0 1155 152 1332; x_wconf 95' lang='lat' dir='ltr'><strong>   </strong></span> 
     </span>
     <span class='ocr_line' id='line_1_6' title="bbox 0 1332 209 1502; baseline 0 -32"><span class='ocrx_word' id='word_1_8' title='bbox 0 1332 209 1502; x_wconf 95' lang='lat' dir='ltr'><strong>   </strong></span> 
     </span>
     <span class='ocr_line' id='line_1_7' title="bbox 0 1502 174 1678; baseline 0 -141"><span class='ocrx_word' id='word_1_9' title='bbox 0 1502 174 1678; x_wconf 95' lang='lat' dir='ltr'><strong>    </strong></span> 
     </span>
     <span class='ocr_line' id='line_1_8' title="bbox 0 1678 197 1844; baseline 0 -28"><span class='ocrx_word' id='word_1_10' title='bbox 0 1678 197 1844; x_wconf 95' lang='lat' dir='ltr'><strong>   </strong></span> 
     </span>
     <span class='ocr_line' id='line_1_9' title="bbox 0 1844 142 1884; baseline 0 1912"><span class='ocrx_word' id='word_1_11' title='bbox 0 1844 142 1884; x_wconf 95' lang='lat' dir='ltr'><strong> </strong></span> 
     </span>
     <span class='ocr_line' id='line_1_10' title="bbox 0 1884 178 2129; baseline 0 -109"><span class='ocrx_word' id='word_1_12' title='bbox 0 1884 178 2129; x_wconf 95' lang='lat' dir='ltr'><strong>   </strong></span> 
     </span>
     <span class='ocr_line' id='line_1_11' title="bbox 0 2129 164 2323; baseline 0 -28"><span class='ocrx_word' id='word_1_13' title='bbox 0 2129 164 2323; x_wconf 95' lang='lat' dir='ltr'><strong>    </strong></span> 
     </span>
     <span class='ocr_line' id='line_1_12' title="bbox 0 2323 176 2475; baseline 0 0"><span class='ocrx_word' id='word_1_14' title='bbox 0 2323 176 2475; x_wconf 95' lang='lat' dir='ltr'><strong>    </strong></span> 
     </span>
     <span class='ocr_line' id='line_1_13' title="bbox 0 2475 140 2606; baseline 0 0"><span class='ocrx_word' id='word_1_15' title='bbox 0 2475 140 2606; x_wconf 95' lang='lat' dir='ltr'><strong>   </strong></span> 
     </span>
     <span class='ocr_line' id='line_1_14' title="bbox 0 2606 164 2794; baseline 0 -67"><span class='ocrx_word' id='word_1_16' title='bbox 0 2606 164 2794; x_wconf 95' lang='lat' dir='ltr'><strong>   </strong></span> 
     </span>
     <span class='ocr_line' id='line_1_15' title="bbox 0 2794 160 2979; baseline 0 -60"><span class='ocrx_word' id='word_1_17' title='bbox 0 2794 160 2979; x_wconf 95' lang='lat' dir='ltr'><strong>    </strong></span> 
     </span>
     <span class='ocr_line' id='line_1_16' title="bbox 0 2979 160 3064; baseline 0 0"><span class='ocrx_word' id='word_1_18' title='bbox 0 2979 160 3064; x_wconf 95' lang='lat' dir='ltr'><strong>  </strong></span> 
     </span>
     <span class='ocr_line' id='line_1_17' title="bbox 0 3064 172 3287; baseline 0 -59"><span class='ocrx_word' id='word_1_19' title='bbox 0 3064 172 3287; x_wconf 95' lang='lat' dir='ltr'><strong>    </strong></span> 
     </span>
     <span class='ocr_line' id='line_1_18' title="bbox 0 3287 168 3536; baseline 0 -97"><span class='ocrx_word' id='word_1_20' title='bbox 0 3287 168 3536; x_wconf 95' lang='lat' dir='ltr'><strong>   </strong></span> 
     </span>
    </p>
   </div>
   <div class='ocr_carea' id='block_1_3' title="bbox 150 557 328 610">
    <p class='ocr_par' dir='ltr' id='par_1_3' title="bbox 150 557 328 610">
     <span class='ocr_line' id='line_1_19' title="bbox 150 557 328 610; baseline 0.028 -5"><span class='ocrx_word' id='word_1_21' title='bbox 150 557 328 610; x_wconf 95' lang='lat' dir='ltr'><strong>  </strong></span> 
     </span>
    </p>
   </div>
   <div class='ocr_carea' id='block_1_4' title="bbox 97 546 1768 684">
    <p class='ocr_par' dir='ltr' id='par_1_4' title="bbox 91 546 1768 705">
     <span class='ocr_line' id='line_1_20' title="bbox 97 546 165 602; baseline -0.088 -19"><span class='ocrx_word' id='word_1_22' title='bbox 97 546 165 602; x_wconf 36' lang='lat' dir='ltr'><strong>›²1:ss</strong></span> 
     </span>
     <span class='ocr_line' id='line_1_21' title="bbox 147 631 1768 684; baseline -0.001 -10.067"><span class='ocrx_word' id='word_1_23' title='bbox 147 653 150 658; x_wconf 90' lang='lat'><em>-</em></span> <span class='ocrx_word' id='word_1_24' title='bbox 192 631 335 676; x_wconf 70' lang='lat' dir='ltr'><strong>mm</strong></span> <span class='ocrx_word' id='word_1_25' title='bbox 371 633 739 677; x_wconf 75' lang='lat' dir='ltr'>SAECVLARES</span> <span class='ocrx_word' id='word_1_26' title='bbox 774 633 1024 675; x_wconf 68' lang='lat' dir='ltr'><strong>Avevs‘n</strong></span> <span class='ocrx_word' id='word_1_27' title='bbox 1056 634 1132 674; x_wconf 84' lang='lat' dir='ltr'><strong>ET</strong></span> <span class='ocrx_word' id='word_1_28' title='bbox 1162 632 1553 684; x_wconf 82' lang='lat' dir='ltr'><strong>ANTIQVIORES</strong></span> <span class='ocrx_word' id='word_1_29' title='bbox 1590 633 1687 673; x_wconf 84' lang='lat' dir='ltr'><strong>REI</strong></span> <span class='ocrx_word' id='word_1_30' title='bbox 1722 633 1768 672; x_wconf 88' lang='lat' dir='ltr'><strong>P.</strong></span> 
     </span>
    </p>
   </div>
   <div class='ocr_carea' id='block_1_5' title="bbox 59 715 1872 1788">
    <p class='ocr_par' dir='ltr' id='par_1_5' title="bbox 117 715 1112 767">
     <span class='ocr_line' id='line_1_22' title="bbox 117 715 1112 767; baseline -0.005 -8"><span class='ocrx_word' id='word_1_31' title='bbox 117 761 126 767; x_wconf 32' lang='lat'><strong>⁴,</strong></span> <span class='ocrx_word' id='word_1_32' title='bbox 847 715 1112 755; x_wconf 85' lang='lat' dir='ltr'><strong>LIBERAE.</strong></span> 
     </span>
    </p>

    <p class='ocr_par' dir='ltr' id='par_1_6' title="bbox 88 788 144 810">
     <span class='ocr_line' id='line_1_23' title="bbox 88 788 144 810; baseline 0.036 -2"><span class='ocrx_word' id='word_1_33' title='bbox 88 788 97 808; x_wconf 65' lang='lat' dir='ltr'><em>b</em></span> <span class='ocrx_word' id='word_1_34' title='bbox 117 788 144 810; x_wconf 76' lang='grc' dir='ltr'><strong>Ἰ,</strong></span> 
     </span>
    </p>

    <p class='ocr_par' dir='ltr' id='par_1_7' title="bbox 92 837 1871 1031">
     <span class='ocr_line' id='line_1_24' title="bbox 189 838 1871 894; baseline -0.002 -12.218"><span class='ocrx_word' id='word_1_35' title='bbox 189 838 428 882; x_wconf 74' lang='lat' dir='ltr'><strong>Saecularia</strong></span> <span class='ocrx_word' id='word_1_36' title='bbox 456 842 678 894; x_wconf 86' lang='lat' dir='ltr'><strong>antiquitus</strong></span> <span class='ocrx_word' id='word_1_37' title='bbox 699 842 807 881; x_wconf 90' lang='lat' dir='ltr'><strong>edita</strong></span> <span class='ocrx_word' id='word_1_38' title='bbox 827 853 918 881; x_wconf 91' lang='lat' dir='ltr'><strong>esse</strong></span> <span class='ocrx_word' id='word_1_39' title='bbox 940 841 1016 880; x_wconf 92' lang='lat' dir='ltr'><strong>diis</strong></span> <span class='ocrx_word' id='word_1_40' title='bbox 1046 842 1185 880; x_wconf 83' lang='lat' dir='ltr'><strong>inferis</strong></span> <span class='ocrx_word' id='word_1_41' title='bbox 1206 841 1295 880; x_wconf 86' lang='lat' dir='ltr'><strong>Diti</strong></span> <span class='ocrx_word' id='word_1_42' title='bbox 1325 847 1363 880; x_wconf 89' lang='lat' dir='ltr'><strong>et</strong></span> <span class='ocrx_word' id='word_1_43' title='bbox 1382 841 1651 892; x_wconf 84' lang='lat' dir='ltr'>Proserpinae</span> <span class='ocrx_word' id='word_1_44' title='bbox 1682 840 1732 879; x_wconf 90' lang='lat' dir='ltr'><strong>ad</strong></span> <span class='ocrx_word' id='word_1_45' title='bbox 1761 852 1871 878; x_wconf 89' lang='lat' dir='ltr'><strong>aram</strong></span> 
     </span>
     <span class='ocr_line' id='line_1_25' title="bbox 113 909 1871 962; baseline -0.002 -12"><span class='ocrx_word' id='word_1_46' title='bbox 113 916 144 944; x_wconf 56' lang='grc' dir='ltr'><strong>’θ</strong></span> <span class='ocrx_word' id='word_1_47' title='bbox 201 909 371 962; x_wconf 77' lang='lat' dir='ltr'><strong>pedibus</strong></span> <span class='ocrx_word' id='word_1_48' title='bbox 408 910 482 950; x_wconf 89' lang='lat' dir='ltr'><strong>sub</strong></span> <span class='ocrx_word' id='word_1_49' title='bbox 511 911 632 950; x_wconf 90' lang='lat' dir='ltr'><strong>humo</strong></span> <span class='ocrx_word' id='word_1_50' title='bbox 669 910 925 950; x_wconf 84' lang='lat' dir='ltr'><strong>constitutam</strong></span> <span class='ocrx_word' id='word_1_51' title='bbox 962 911 1181 949; x_wconf 87' lang='lat' dir='ltr'><strong>immolatis</strong></span> <span class='ocrx_word' id='word_1_52' title='bbox 1218 910 1360 948; x_wconf 90' lang='lat' dir='ltr'><strong>hostiis</strong></span> <span class='ocrx_word' id='word_1_53' title='bbox 1397 910 1544 957; x_wconf 88' lang='lat' dir='ltr'><strong>furvis,</strong></span> <span class='ocrx_word' id='word_1_54' title='bbox 1583 909 1735 948; x_wconf 87' lang='lat' dir='ltr'><strong>scilicet</strong></span> <span class='ocrx_word' id='word_1_55' title='bbox 1770 909 1871 947; x_wconf 86' lang='lat' dir='ltr'><strong>bove</strong></span> 
     </span>
     <span class='ocr_line' id='line_1_26' title="bbox 179 979 1870 1031; baseline -0.002 -12.143"><span class='ocrx_word' id='word_1_56' title='bbox 179 997 186 1012; x_wconf 72' lang='grc' dir='ltr'><strong>ι</strong></span> <span class='ocrx_word' id='word_1_57' title='bbox 222 983 265 1019; x_wconf 76' lang='lat' dir='ltr'><strong>ct</strong></span> <span class='ocrx_word' id='word_1_58' title='bbox 293 991 414 1019; x_wconf 76' lang='lat' dir='ltr'><strong>vacca</strong></span> <span class='ocrx_word' id='word_1_59' title='bbox 443 979 558 1031; x_wconf 83' lang='lat' dir='ltr'><strong>nigra</strong></span> <span class='ocrx_word' id='word_1_60' title='bbox 587 979 930 1029; x_wconf 83' lang='lat' dir='ltr'>sollemnibusque</span> <span class='ocrx_word' id='word_1_61' title='bbox 966 992 1038 1030; x_wconf 92' lang='lat' dir='ltr'><strong>per</strong></span> <span class='ocrx_word' id='word_1_62' title='bbox 1068 984 1149 1017; x_wconf 89' lang='lat' dir='ltr'><strong>tres</strong></span> <span class='ocrx_word' id='word_1_63' title='bbox 1180 986 1319 1018; x_wconf 84' lang='lat' dir='ltr'><strong>noctes</strong></span> <span class='ocrx_word' id='word_1_64' title='bbox 1350 979 1593 1017; x_wconf 90' lang='lat' dir='ltr'><strong>continuatis</strong></span> <span class='ocrx_word' id='word_1_65' title='bbox 1629 991 1719 1017; x_wconf 89' lang='lat' dir='ltr'><strong>cum</strong></span> <span class='ocrx_word' id='word_1_66' title='bbox 1749 982 1870 1016; x_wconf 87' lang='lat' dir='ltr'><strong>testa-</strong></span> 
     </span>
    </p>

    <p class='ocr_par' dir='ltr' id='par_1_8' title="bbox 143 1045 1872 1236">
     <span class='ocr_line' id='line_1_27' title="bbox 150 1045 1870 1099; baseline -0.002 -11.924"><span class='ocrx_word' id='word_1_67' title='bbox 150 1047 413 1087; x_wconf 69' lang='lat' dir='ltr'><strong>:habeamus</strong></span> <span class='ocrx_word' id='word_1_68' title='bbox 426 1045 479 1099; x_wconf 86' lang='lat'><strong>¹),</strong></span> <span class='ocrx_word' id='word_1_69' title='bbox 508 1048 573 1088; x_wconf 88' lang='lat' dir='ltr'><strong>his</strong></span> <span class='ocrx_word' id='word_1_70' title='bbox 602 1048 804 1088; x_wconf 90' lang='lat' dir='ltr'><strong>celebrata</strong></span> <span class='ocrx_word' id='word_1_71' title='bbox 834 1048 908 1087; x_wconf 91' lang='lat' dir='ltr'><strong>sub</strong></span> <span class='ocrx_word' id='word_1_72' title='bbox 938 1048 1138 1098; x_wconf 88' lang='lat' dir='ltr'><strong>Augusto,</strong></span> <span class='ocrx_word' id='word_1_73' title='bbox 1169 1047 1219 1086; x_wconf 89' lang='lat' dir='ltr'><strong>de</strong></span> <span class='ocrx_word' id='word_1_74' title='bbox 1248 1048 1393 1098; x_wconf 91' lang='lat' dir='ltr'><strong>quibus</strong></span> <span class='ocrx_word' id='word_1_75' title='bbox 1423 1047 1539 1086; x_wconf 90' lang='lat' dir='ltr'><strong>nobis</strong></span> <span class='ocrx_word' id='word_1_76' title='bbox 1570 1047 1769 1098; x_wconf 88' lang='lat' dir='ltr'><strong>agendum</strong></span> <span class='ocrx_word' id='word_1_77' title='bbox 1798 1053 1870 1093; x_wconf 90' lang='lat' dir='ltr'><strong>est,</strong></span> 
     </span>
     <span class='ocr_line' id='line_1_28' title="bbox 118 1110 1872 1176; baseline -0.002 -19.934"><span class='ocrx_word' id='word_1_78' title='bbox 118 1110 241 1162; x_wconf 67' lang='lat' dir='ltr'><strong>nis</strong></span> <span class='ocrx_word' id='word_1_79' title='bbox 256 1116 384 1176; x_wconf 74' lang='lat' dir='ltr'><strong>magis</strong></span> <span class='ocrx_word' id='word_1_80' title='bbox 411 1116 578 1157; x_wconf 86' lang='lat' dir='ltr'><strong>fuerunt</strong></span> <span class='ocrx_word' id='word_1_81' title='bbox 604 1129 724 1168; x_wconf 92' lang='lat' dir='ltr'><strong>quam</strong></span> <span class='ocrx_word' id='word_1_82' title='bbox 754 1116 904 1156; x_wconf 88' lang='lat' dir='ltr'><strong>eadem.</strong></span> <span class='ocrx_word' id='word_1_83' title='bbox 958 1116 1221 1156; x_wconf 84' lang='lat' dir='ltr'><strong>Descendunt</strong></span> <span class='ocrx_word' id='word_1_84' title='bbox 1251 1121 1418 1167; x_wconf 89' lang='lat' dir='ltr'><strong>utraque</strong></span> <span class='ocrx_word' id='word_1_85' title='bbox 1453 1129 1505 1155; x_wconf 89' lang='lat' dir='ltr'><strong>ex</strong></span> <span class='ocrx_word' id='word_1_86' title='bbox 1535 1115 1779 1154; x_wconf 82' lang='lat' dir='ltr'><strong>carminibus</strong></span> <span class='ocrx_word' id='word_1_87' title='bbox 1811 1113 1872 1154; x_wconf 89' lang='lat' dir='ltr'><strong>Si-</strong></span> 
     </span>
     <span class='ocr_line' id='line_1_29' title="bbox 94 1157 1869 1236; baseline -0.002 -10.914"><span class='ocrx_word' id='word_1_88' title='bbox 94 1157 264 1236; x_wconf 22' lang='lat' dir='ltr'><strong>*iifl-0²)</strong></span> <span class='ocrx_word' id='word_1_89' title='bbox 299 1189 343 1224; x_wconf 81' lang='lat' dir='ltr'><strong>et</strong></span> <span class='ocrx_word' id='word_1_90' title='bbox 375 1185 601 1226; x_wconf 86' lang='lat' dir='ltr'><strong>communia</strong></span> <span class='ocrx_word' id='word_1_91' title='bbox 637 1186 786 1225; x_wconf 88' lang='lat' dir='ltr'><strong>habent</strong></span> <span class='ocrx_word' id='word_1_92' title='bbox 821 1198 911 1224; x_wconf 92' lang='lat' dir='ltr'><strong>cum</strong></span> <span class='ocrx_word' id='word_1_93' title='bbox 948 1185 1077 1224; x_wconf 92' lang='lat' dir='ltr'><strong>locum</strong></span> <span class='ocrx_word' id='word_1_94' title='bbox 1117 1191 1198 1225; x_wconf 90' lang='lat' dir='ltr'><strong>tum</strong></span> <span class='ocrx_word' id='word_1_95' title='bbox 1237 1185 1411 1224; x_wconf 87' lang='lat' dir='ltr'><strong>trinoctii</strong></span> <span class='ocrx_word' id='word_1_96' title='bbox 1448 1184 1566 1223; x_wconf 92' lang='lat' dir='ltr'><strong>ludos</strong></span> <span class='ocrx_word' id='word_1_97' title='bbox 1603 1189 1643 1223; x_wconf 92' lang='lat' dir='ltr'><strong>et</strong></span> <span class='ocrx_word' id='word_1_98' title='bbox 1679 1184 1869 1223; x_wconf 87' lang='lat' dir='ltr'><strong>sellister-</strong></span> 
     </span>
    </p>

    <p class='ocr_par' dir='ltr' id='par_1_9' title="bbox 98 1246 1868 1305">
     <span class='ocr_line' id='line_1_30' title="bbox 98 1246 1868 1305; baseline -0.002 -9.866"><span class='ocrx_word' id='word_1_99' title='bbox 98 1246 238 1305; x_wconf 60' lang='grc'><strong>3).</strong></span> <span class='ocrx_word' id='word_1_100' title='bbox 270 1251 351 1295; x_wconf 78' lang='lat' dir='ltr'><strong>Sed</strong></span> <span class='ocrx_word' id='word_1_101' title='bbox 379 1253 514 1295; x_wconf 75' lang='lat' dir='ltr'><strong>differt</strong></span> <span class='ocrx_word' id='word_1_102' title='bbox 541 1255 744 1294; x_wconf 87' lang='lat' dir='ltr'><strong>saeculum</strong></span> <span class='ocrx_word' id='word_1_103' title='bbox 774 1254 814 1292; x_wconf 92' lang='lat' dir='ltr'><strong>in</strong></span> <span class='ocrx_word' id='word_1_104' title='bbox 844 1254 978 1305; x_wconf 89' lang='lat' dir='ltr'><strong>priore</strong></span> <span class='ocrx_word' id='word_1_105' title='bbox 1007 1255 1148 1294; x_wconf 85' lang='lat' dir='ltr'><strong>ordine</strong></span> <span class='ocrx_word' id='word_1_106' title='bbox 1178 1267 1375 1293; x_wconf 89' lang='lat' dir='ltr'><strong>annorum</strong></span> <span class='ocrx_word' id='word_1_107' title='bbox 1403 1259 1561 1293; x_wconf 91' lang='lat' dir='ltr'><strong>centum</strong></span> <span class='ocrx_word' id='word_1_108' title='bbox 1574 1252 1630 1303; x_wconf 79' lang='lat'><strong>4),</strong></span> <span class='ocrx_word' id='word_1_109' title='bbox 1661 1253 1702 1292; x_wconf 88' lang='lat' dir='ltr'><strong>in</strong></span> <span class='ocrx_word' id='word_1_110' title='bbox 1732 1254 1868 1304; x_wconf 88' lang='lat' dir='ltr'><strong>Augu-</strong></span> 
     </span>
    </p>

    <p class='ocr_par' dir='ltr' id='par_1_10' title="bbox 86 1315 1869 1381">
     <span class='ocr_line' id='line_1_31' title="bbox 86 1315 1869 1377; baseline -0.002 -14"><span class='ocrx_word' id='word_1_111' title='bbox 86 1315 133 1377; x_wconf 35' lang='grc' dir='ltr'><em>Γ</em></span> <span class='ocrx_word' id='word_1_112' title='bbox 147 1333 366 1363; x_wconf 72' lang='lat' dir='ltr'><strong>morum</strong></span> <span class='ocrx_word' id='word_1_113' title='bbox 395 1330 551 1366; x_wconf 75' lang='lat' dir='ltr'><strong>centum</strong></span> <span class='ocrx_word' id='word_1_114' title='bbox 581 1329 622 1363; x_wconf 89' lang='lat' dir='ltr'><strong>et</strong></span> <span class='ocrx_word' id='word_1_115' title='bbox 650 1323 785 1363; x_wconf 91' lang='lat' dir='ltr'><strong>decem</strong></span> <span class='ocrx_word' id='word_1_116' title='bbox 800 1322 853 1374; x_wconf 83' lang='lat'><strong>⁵),</strong></span> <span class='ocrx_word' id='word_1_117' title='bbox 884 1330 924 1362; x_wconf 90' lang='lat' dir='ltr'><strong>et</strong></span> <span class='ocrx_word' id='word_1_118' title='bbox 952 1323 1042 1374; x_wconf 88' lang='lat' dir='ltr'><strong>ipso</strong></span> <span class='ocrx_word' id='word_1_119' title='bbox 1073 1323 1233 1363; x_wconf 91' lang='lat' dir='ltr'><strong>saeculo</strong></span> <span class='ocrx_word' id='word_1_120' title='bbox 1263 1324 1320 1362; x_wconf 86' lang='lat' dir='ltr'><strong>ita</strong></span> <span class='ocrx_word' id='word_1_121' title='bbox 1340 1322 1560 1370; x_wconf 87' lang='lat' dir='ltr'><strong>differente,</strong></span> <span class='ocrx_word' id='word_1_122' title='bbox 1592 1322 1751 1361; x_wconf 90' lang='lat' dir='ltr'><strong>diverso</strong></span> <span class='ocrx_word' id='word_1_123' title='bbox 1771 1334 1869 1373; x_wconf 91' lang='lat' dir='ltr'><strong>quo-</strong></span> 
     </span>
    </p>

    <p class='ocr_par' dir='ltr' id='par_1_11' title="bbox 115 1381 1866 1444">
     <span class='ocr_line' id='line_1_32' title="bbox 115 1381 1866 1444; baseline -0.001 -13"><span class='ocrx_word' id='word_1_124' title='bbox 115 1381 118 1386; x_wconf 45' lang='grc'><em>“</em></span> <span class='ocrx_word' id='word_1_125' title='bbox 140 1390 407 1444; x_wconf 77' lang='lat' dir='ltr'><strong>principio,</strong></span> <span class='ocrx_word' id='word_1_126' title='bbox 450 1392 672 1432; x_wconf 79' lang='lat' dir='ltr'><strong>saecularia</strong></span> <span class='ocrx_word' id='word_1_127' title='bbox 707 1398 876 1444; x_wconf 89' lang='lat' dir='ltr'><strong>utraque</strong></span> <span class='ocrx_word' id='word_1_128' title='bbox 911 1392 1093 1431; x_wconf 84' lang='lat' dir='ltr'><strong>incidant</strong></span> <span class='ocrx_word' id='word_1_129' title='bbox 1127 1404 1290 1431; x_wconf 87' lang='lat' dir='ltr'><strong>necesse</strong></span> <span class='ocrx_word' id='word_1_130' title='bbox 1329 1397 1391 1431; x_wconf 88' lang='lat' dir='ltr'><strong>est</strong></span> <span class='ocrx_word' id='word_1_131' title='bbox 1429 1392 1470 1430; x_wconf 93' lang='lat' dir='ltr'><strong>in</strong></span> <span class='ocrx_word' id='word_1_132' title='bbox 1506 1403 1633 1430; x_wconf 85' lang='lat' dir='ltr'><strong>annos</strong></span> <span class='ocrx_word' id='word_1_133' title='bbox 1670 1391 1866 1441; x_wconf 81' lang='lat' dir='ltr'><strong>dispares.</strong></span> 
     </span>
    </p>

    <p class='ocr_par' dir='ltr' id='par_1_12' title="bbox 75 1459 1867 1590">
     <span class='ocr_line' id='line_1_33' title="bbox 173 1459 1867 1511; baseline -0.002 -9.913"><span class='ocrx_word' id='word_1_134' title='bbox 173 1463 284 1500; x_wconf 66' lang='lat' dir='ltr'><strong>unt</strong></span> <span class='ocrx_word' id='word_1_135' title='bbox 312 1460 410 1501; x_wconf 81' lang='lat' dir='ltr'><strong>item</strong></span> <span class='ocrx_word' id='word_1_136' title='bbox 444 1461 617 1501; x_wconf 81' lang='lat' dir='ltr'><strong>hostiae:</strong></span> <span class='ocrx_word' id='word_1_137' title='bbox 655 1461 728 1500; x_wconf 89' lang='lat' dir='ltr'><strong>bos</strong></span> <span class='ocrx_word' id='word_1_138' title='bbox 758 1462 897 1500; x_wconf 83' lang='lat' dir='ltr'><strong>furvus</strong></span> <span class='ocrx_word' id='word_1_139' title='bbox 929 1466 968 1499; x_wconf 90' lang='lat' dir='ltr'><strong>et</strong></span> <span class='ocrx_word' id='word_1_140' title='bbox 997 1474 1118 1500; x_wconf 86' lang='lat' dir='ltr'><strong>vacca</strong></span> <span class='ocrx_word' id='word_1_141' title='bbox 1146 1461 1281 1510; x_wconf 86' lang='lat' dir='ltr'><strong>furva,</strong></span> <span class='ocrx_word' id='word_1_142' title='bbox 1319 1461 1388 1511; x_wconf 91' lang='lat' dir='ltr'><strong>qui</strong></span> <span class='ocrx_word' id='word_1_143' title='bbox 1426 1461 1503 1499; x_wconf 88' lang='lat' dir='ltr'><strong>soli</strong></span> <span class='ocrx_word' id='word_1_144' title='bbox 1539 1459 1798 1499; x_wconf 85' lang='lat' dir='ltr'><strong>immolantur</strong></span> <span class='ocrx_word' id='word_1_145' title='bbox 1825 1459 1867 1497; x_wconf 92' lang='lat' dir='ltr'><strong>in</strong></span> 
     </span>
     <span class='ocr_line' id='line_1_34' title="bbox 75 1527 1866 1590; baseline -0.002 -21"><span class='ocrx_word' id='word_1_146' title='bbox 75 1577 86 1590; x_wconf 35' lang='lat' dir='ltr'>Y</span> <span class='ocrx_word' id='word_1_147' title='bbox 139 1527 382 1581; x_wconf 70' lang='lat' dir='ltr'><strong>quior-ibus,</strong></span> <span class='ocrx_word' id='word_1_148' title='bbox 418 1529 460 1569; x_wconf 86' lang='lat' dir='ltr'><strong>in</strong></span> <span class='ocrx_word' id='word_1_149' title='bbox 489 1530 616 1570; x_wconf 87' lang='lat' dir='ltr'><strong>sacris</strong></span> <span class='ocrx_word' id='word_1_150' title='bbox 647 1530 844 1581; x_wconf 83' lang='lat' dir='ltr'><strong>Augustis</strong></span> <span class='ocrx_word' id='word_1_151' title='bbox 875 1542 954 1569; x_wconf 86' lang='lat' dir='ltr'><strong>non</strong></span> <span class='ocrx_word' id='word_1_152' title='bbox 985 1536 1234 1581; x_wconf 85' lang='lat' dir='ltr'><strong>comparent3</strong></span> <span class='ocrx_word' id='word_1_153' title='bbox 1272 1530 1532 1568; x_wconf 85' lang='lat' dir='ltr'><strong>immolantur</strong></span> <span class='ocrx_word' id='word_1_154' title='bbox 1560 1530 1600 1567; x_wconf 94' lang='lat' dir='ltr'><strong>in</strong></span> <span class='ocrx_word' id='word_1_155' title='bbox 1631 1529 1694 1567; x_wconf 89' lang='lat' dir='ltr'><strong>his</strong></span> <span class='ocrx_word' id='word_1_156' title='bbox 1724 1541 1746 1567; x_wconf 90' lang='lat' dir='ltr'><strong>e</strong></span> <span class='ocrx_word' id='word_1_157' title='bbox 1775 1540 1866 1567; x_wconf 91' lang='lat' dir='ltr'><strong>con-</strong></span> 
     </span>
    </p>

    <p class='ocr_par' dir='ltr' id='par_1_13' title="bbox 59 1586 1867 1794">
     <span class='ocr_line' id='line_1_35' title="bbox 174 1597 1867 1651; baseline -0.001 -15.057"><span class='ocrx_word' id='word_1_158' title='bbox 174 1609 204 1636; x_wconf 78' lang='lat' dir='ltr'><strong>o</strong></span> <span class='ocrx_word' id='word_1_159' title='bbox 235 1597 394 1639; x_wconf 80' lang='lat' dir='ltr'><strong>hostiae</strong></span> <span class='ocrx_word' id='word_1_160' title='bbox 429 1604 646 1638; x_wconf 86' lang='lat' dir='ltr'><strong>nocturnae</strong></span> <span class='ocrx_word' id='word_1_161' title='bbox 680 1611 804 1650; x_wconf 87' lang='lat' dir='ltr'><strong>porca</strong></span> <span class='ocrx_word' id='word_1_162' title='bbox 839 1605 878 1637; x_wconf 87' lang='lat' dir='ltr'><strong>et</strong></span> <span class='ocrx_word' id='word_1_163' title='bbox 912 1612 1041 1651; x_wconf 86' lang='lat' dir='ltr'><strong>agnae</strong></span> <span class='ocrx_word' id='word_1_164' title='bbox 1076 1607 1116 1638; x_wconf 85' lang='lat' dir='ltr'><strong>et</strong></span> <span class='ocrx_word' id='word_1_165' title='bbox 1151 1606 1295 1650; x_wconf 83' lang='lat' dir='ltr'><strong>caprae</strong></span> <span class='ocrx_word' id='word_1_166' title='bbox 1333 1599 1472 1638; x_wconf 85' lang='lat' dir='ltr'><strong>furvae</strong></span> <span class='ocrx_word' id='word_1_167' title='bbox 1510 1609 1667 1647; x_wconf 88' lang='lat' dir='ltr'><strong>omnes,</strong></span> <span class='ocrx_word' id='word_1_168' title='bbox 1703 1597 1867 1636; x_wconf 86' lang='lat' dir='ltr'><strong>diurnae</strong></span> 
     </span>
     <span class='ocr_line' id='line_1_36' title="bbox 68 1665 1867 1719; baseline -0.002 -11"><span class='ocrx_word' id='word_1_169' title='bbox 68 1671 199 1710; x_wconf 57' lang='lat' dir='ltr'><strong>&#39;53⁸&#39;OE</strong></span> <span class='ocrx_word' id='word_1_170' title='bbox 228 1665 324 1707; x_wconf 71' lang='lat' dir='ltr'><strong>albi.</strong></span> <span class='ocrx_word' id='word_1_171' title='bbox 367 1666 576 1707; x_wconf 81' lang='lat' dir='ltr'><strong>Differunt</strong></span> <span class='ocrx_word' id='word_1_172' title='bbox 605 1667 790 1707; x_wconf 87' lang='lat' dir='ltr'><strong>similiter</strong></span> <span class='ocrx_word' id='word_1_173' title='bbox 810 1667 982 1707; x_wconf 89' lang='lat' dir='ltr'><strong>numina.</strong></span> <span class='ocrx_word' id='word_1_174' title='bbox 1028 1668 1105 1707; x_wconf 93' lang='lat' dir='ltr'><strong>Dis</strong></span> <span class='ocrx_word' id='word_1_175' title='bbox 1134 1674 1249 1719; x_wconf 89' lang='lat' dir='ltr'><strong>pater</strong></span> <span class='ocrx_word' id='word_1_176' title='bbox 1278 1672 1317 1707; x_wconf 87' lang='lat' dir='ltr'><strong>et</strong></span> <span class='ocrx_word' id='word_1_177' title='bbox 1336 1667 1594 1719; x_wconf 87' lang='lat' dir='ltr'><strong>Proserpina,</strong></span> <span class='ocrx_word' id='word_1_178' title='bbox 1623 1666 1768 1717; x_wconf 87' lang='lat' dir='ltr'><strong>quibus</strong></span> <span class='ocrx_word' id='word_1_179' title='bbox 1798 1666 1867 1704; x_wconf 87' lang='lat' dir='ltr'><strong>illa</strong></span> 
     </span>
     <span class='ocr_line' id='line_1_37' title="bbox 59 1726 1866 1788; baseline -0.002 -12"><span class='ocrx_word' id='word_1_180' title='bbox 59 1747 84 1776; x_wconf 99' lang='lat'><em>¹</em></span> <span class='ocrx_word' id='word_1_181' title='bbox 99 1726 112 1785; x_wconf 39' lang='lat' dir='ltr'>s</span> <span class='ocrx_word' id='word_1_182' title='bbox 136 1731 312 1786; x_wconf 45' lang='lat' dir='ltr'><strong>mund),</strong></span> <span class='ocrx_word' id='word_1_183' title='bbox 340 1747 469 1787; x_wconf 85' lang='lat' dir='ltr'><strong>neque</strong></span> <span class='ocrx_word' id='word_1_184' title='bbox 497 1736 538 1774; x_wconf 90' lang='lat' dir='ltr'><strong>in</strong></span> <span class='ocrx_word' id='word_1_185' title='bbox 559 1736 724 1776; x_wconf 90' lang='lat' dir='ltr'><strong>oraculo</strong></span> <span class='ocrx_word' id='word_1_186' title='bbox 744 1737 1000 1776; x_wconf 85' lang='lat' dir='ltr'><strong>nominantur</strong></span> <span class='ocrx_word' id='word_1_187' title='bbox 1020 1749 1148 1788; x_wconf 89' lang='lat' dir='ltr'><strong>neque</strong></span> <span class='ocrx_word' id='word_1_188' title='bbox 1178 1738 1218 1775; x_wconf 91' lang='lat' dir='ltr'><strong>in</strong></span> <span class='ocrx_word' id='word_1_189' title='bbox 1240 1737 1339 1775; x_wconf 82' lang='lat' dir='ltr'><strong>actis</strong></span> <span class='ocrx_word' id='word_1_190' title='bbox 1368 1749 1497 1787; x_wconf 88' lang='lat' dir='ltr'><strong>neque</strong></span> <span class='ocrx_word' id='word_1_191' title='bbox 1518 1737 1558 1775; x_wconf 92' lang='lat' dir='ltr'><strong>in</strong></span> <span class='ocrx_word' id='word_1_192' title='bbox 1581 1736 1758 1776; x_wconf 86' lang='lat' dir='ltr'><strong>carmine</strong></span> <span class='ocrx_word' id='word_1_193' title='bbox 1789 1735 1866 1774; x_wconf 90' lang='lat' dir='ltr'><strong>sol-</strong></span> 
     </span>
    </p>
   </div>
   <div class='ocr_carea' id='block_1_6' title="bbox 70 1239 95 1257">
    <p class='ocr_par' dir='ltr' id='par_1_14' title="bbox 70 1239 95 1257">
     <span class='ocr_line' id='line_1_38' title="bbox 70 1239 95 1257; baseline 0 0"><span class='ocrx_word' id='word_1_194' title='bbox 70 1239 95 1257; x_wconf 84' lang='grc' dir='ltr'><em>Ι</em></span> 
     </span>
    </p>
   </div>
   <div class='ocr_carea' id='block_1_7' title="bbox 61 1803 1867 1994">
    <p class='ocr_par' dir='ltr' id='par_1_15' title="bbox 55 1791 1867 1994">
     <span class='ocr_line' id='line_1_39' title="bbox 61 1803 1866 1864; baseline -0.001 -20"><span class='ocrx_word' id='word_1_195' title='bbox 61 1858 67 1864; x_wconf 73' lang='lat'><em>,</em></span> <span class='ocrx_word' id='word_1_196' title='bbox 125 1822 142 1836; x_wconf 44' lang='grc' dir='ltr'><strong>ι·</strong></span> <span class='ocrx_word' id='word_1_197' title='bbox 165 1823 170 1837; x_wconf 86' lang='lat'><em>·</em></span> <span class='ocrx_word' id='word_1_198' title='bbox 197 1833 209 1852; x_wconf 92' lang='lat'><strong>,</strong></span> <span class='ocrx_word' id='word_1_199' title='bbox 243 1809 284 1844; x_wconf 84' lang='lat' dir='ltr'><strong>et</strong></span> <span class='ocrx_word' id='word_1_200' title='bbox 311 1803 421 1856; x_wconf 87' lang='lat' dir='ltr'><strong>quod</strong></span> <span class='ocrx_word' id='word_1_201' title='bbox 449 1805 706 1845; x_wconf 86' lang='lat' dir='ltr'><strong>nominantur</strong></span> <span class='ocrx_word' id='word_1_202' title='bbox 735 1806 842 1856; x_wconf 91' lang='lat' dir='ltr'><strong>apud</strong></span> <span class='ocrx_word' id='word_1_203' title='bbox 872 1806 1092 1854; x_wconf 80' lang='lat' dir='ltr'><strong>zosimum,</strong></span> <span class='ocrx_word' id='word_1_204' title='bbox 1122 1806 1286 1845; x_wconf 90' lang='lat' dir='ltr'><strong>omnino</strong></span> <span class='ocrx_word' id='word_1_205' title='bbox 1316 1806 1498 1857; x_wconf 85' lang='lat' dir='ltr'><strong>procedit</strong></span> <span class='ocrx_word' id='word_1_206' title='bbox 1527 1818 1578 1844; x_wconf 85' lang='lat' dir='ltr'><strong>ex</strong></span> <span class='ocrx_word' id='word_1_207' title='bbox 1608 1810 1866 1855; x_wconf 90' lang='lat' dir='ltr'><strong>utrorumque</strong></span> 
     </span>
     <span class='ocr_line' id='line_1_40' title="bbox 145 1871 1865 1926; baseline -0.001 -13.099"><span class='ocrx_word' id='word_1_208' title='bbox 145 1871 338 1913; x_wconf 72' lang='lat' dir='ltr'><strong>calatium</strong></span> <span class='ocrx_word' id='word_1_209' title='bbox 368 1885 471 1925; x_wconf 87' lang='lat' dir='ltr'><strong>quae</strong></span> <span class='ocrx_word' id='word_1_210' title='bbox 506 1874 612 1926; x_wconf 90' lang='lat' dir='ltr'><strong>apud</strong></span> <span class='ocrx_word' id='word_1_211' title='bbox 648 1875 834 1926; x_wconf 89' lang='lat' dir='ltr'><strong>antiquos</strong></span> <span class='ocrx_word' id='word_1_212' title='bbox 871 1881 1054 1914; x_wconf 82' lang='lat' dir='ltr'><strong>auctores</strong></span> <span class='ocrx_word' id='word_1_213' title='bbox 1085 1875 1235 1914; x_wconf 86' lang='lat' dir='ltr'><strong>obtinet</strong></span> <span class='ocrx_word' id='word_1_214' title='bbox 1272 1875 1571 1925; x_wconf 86' lang='lat' dir='ltr'><strong>perturbatione</strong></span> <span class='ocrx_word' id='word_1_215' title='bbox 1584 1873 1643 1925; x_wconf 78' lang='lat'><strong>⁷),</strong></span> <span class='ocrx_word' id='word_1_216' title='bbox 1682 1885 1865 1924; x_wconf 89' lang='lat' dir='ltr'><strong>quaeque</strong></span> 
     </span>
     <span class='ocr_line' id='line_1_41' title="bbox 121 1941 1867 1994; baseline -0.002 -12.087"><span class='ocrx_word' id='word_1_217' title='bbox 121 1953 123 1957; x_wconf 82' lang='grc'>’</span> <span class='ocrx_word' id='word_1_218' title='bbox 171 1963 174 1974; x_wconf 65' lang='grc' dir='ltr'><strong>ι</strong></span> <span class='ocrx_word' id='word_1_219' title='bbox 195 1952 321 1982; x_wconf 74' lang='lat' dir='ltr'><strong>causa</strong></span> <span class='ocrx_word' id='word_1_220' title='bbox 348 1941 541 1993; x_wconf 86' lang='lat' dir='ltr'><strong>primaria</strong></span> <span class='ocrx_word' id='word_1_221' title='bbox 570 1949 633 1982; x_wconf 90' lang='lat' dir='ltr'><strong>est</strong></span> <span class='ocrx_word' id='word_1_222' title='bbox 660 1955 838 1982; x_wconf 88' lang='lat' dir='ltr'><strong>errorum</strong></span> <span class='ocrx_word' id='word_1_223' title='bbox 868 1944 942 1982; x_wconf 90' lang='lat' dir='ltr'><strong>has</strong></span> <span class='ocrx_word' id='word_1_224' title='bbox 973 1945 1227 1994; x_wconf 86' lang='lat' dir='ltr'><strong>quaestiones</strong></span> <span class='ocrx_word' id='word_1_225' title='bbox 1257 1943 1527 1982; x_wconf 88' lang='lat' dir='ltr'><strong>insidentium.</strong></span> <span class='ocrx_word' id='word_1_226' title='bbox 1580 1941 1867 1982; x_wconf 85' lang='lat' dir='ltr'><strong>Centenarium</strong></span> 
     </span>
    </p>
   </div>
   <div class='ocr_carea' id='block_1_8' title="bbox 50 2155 1866 3512">
    <p class='ocr_par' dir='ltr' id='par_1_16' title="bbox 70 2155 1865 2271">
     <span class='ocr_line' id='line_1_42' title="bbox 148 2155 1865 2207; baseline -0.001 -9.087"><span class='ocrx_word' id='word_1_227' title='bbox 148 2183 149 2186; x_wconf 65' lang='lat'><em>=</em></span> <span class='ocrx_word' id='word_1_228' title='bbox 176 2160 210 2205; x_wconf 86' lang='lat'><strong>¹)</strong></span> <span class='ocrx_word' id='word_1_229' title='bbox 247 2162 455 2198; x_wconf 68' lang='lat' dir='ltr'><strong>Praesertim</strong></span> <span class='ocrx_word' id='word_1_230' title='bbox 483 2168 590 2207; x_wconf 79' lang='lat' dir='ltr'><strong>agunt</strong></span> <span class='ocrx_word' id='word_1_231' title='bbox 615 2165 659 2197; x_wconf 87' lang='lat' dir='ltr'><strong>de</strong></span> <span class='ocrx_word' id='word_1_232' title='bbox 684 2165 726 2198; x_wconf 90' lang='lat' dir='ltr'><strong>iis</strong></span> <span class='ocrx_word' id='word_1_233' title='bbox 745 2165 822 2199; x_wconf 86' lang='lat' dir='ltr'><strong>Val.</strong></span> <span class='ocrx_word' id='word_1_234' title='bbox 841 2155 939 2198; x_wconf 83' lang='lat' dir='ltr'><strong>M&#39;ax.</strong></span> <span class='ocrx_word' id='word_1_235' title='bbox 960 2167 993 2207; x_wconf 88' lang='lat'><strong>2,</strong></span> <span class='ocrx_word' id='word_1_236' title='bbox 1013 2166 1047 2207; x_wconf 87' lang='lat'><strong>4,</strong></span> <span class='ocrx_word' id='word_1_237' title='bbox 1069 2166 1089 2199; x_wconf 89' lang='lat'>5</span> <span class='ocrx_word' id='word_1_238' title='bbox 1117 2170 1151 2198; x_wconf 90' lang='lat' dir='ltr'><strong>et</strong></span> <span class='ocrx_word' id='word_1_239' title='bbox 1175 2165 1333 2199; x_wconf 85' lang='lat' dir='ltr'><strong>Zosimus</strong></span> <span class='ocrx_word' id='word_1_240' title='bbox 1353 2167 1386 2207; x_wconf 86' lang='lat'><strong>2,</strong></span> <span class='ocrx_word' id='word_1_241' title='bbox 1408 2165 1513 2198; x_wconf 87' lang='lat'>1—4.</span> <span class='ocrx_word' id='word_1_242' title='bbox 1555 2164 1687 2197; x_wconf 85' lang='lat' dir='ltr'><strong>Auctor</strong></span> <span class='ocrx_word' id='word_1_243' title='bbox 1714 2173 1865 2197; x_wconf 91' lang='lat' dir='ltr'><strong>commu-</strong></span> 
     </span>
     <span class='ocr_line' id='line_1_43' title="bbox 153 2223 1440 2271; baseline 0 -11"><span class='ocrx_word' id='word_1_244' title='bbox 153 2223 232 2260; x_wconf 74' lang='lat' dir='ltr'><strong>sine</strong></span> <span class='ocrx_word' id='word_1_245' title='bbox 255 2223 365 2260; x_wconf 79' lang='lat' dir='ltr'><strong>dubio</strong></span> <span class='ocrx_word' id='word_1_246' title='bbox 379 2225 494 2260; x_wconf 86' lang='lat' dir='ltr'><strong>Varro</strong></span> <span class='ocrx_word' id='word_1_247' title='bbox 519 2230 584 2268; x_wconf 86' lang='lat' dir='ltr'><strong>est,</strong></span> <span class='ocrx_word' id='word_1_248' title='bbox 612 2237 715 2271; x_wconf 88' lang='lat' dir='ltr'><strong>quem</strong></span> <span class='ocrx_word' id='word_1_249' title='bbox 741 2229 947 2261; x_wconf 87' lang='lat' dir='ltr'><strong>nominatim</strong></span> <span class='ocrx_word' id='word_1_250' title='bbox 973 2228 1055 2260; x_wconf 87' lang='lat' dir='ltr'><strong>citat</strong></span> <span class='ocrx_word' id='word_1_251' title='bbox 1082 2227 1293 2261; x_wconf 87' lang='lat' dir='ltr'><strong>Censorinus</strong></span> <span class='ocrx_word' id='word_1_252' title='bbox 1323 2229 1379 2269; x_wconf 86' lang='lat'><strong>17,</strong></span> <span class='ocrx_word' id='word_1_253' title='bbox 1409 2228 1440 2260; x_wconf 90' lang='grc'><strong>8.</strong></span> 
     </span>
    </p>

    <p class='ocr_par' dir='ltr' id='par_1_17' title="bbox 62 2283 1866 2462">
     <span class='ocr_line' id='line_1_44' title="bbox 174 2283 1866 2347; baseline -0.001 -25"><span class='ocrx_word' id='word_1_254' title='bbox 174 2283 209 2328; x_wconf 77' lang='lat'><strong>²)</strong></span> <span class='ocrx_word' id='word_1_255' title='bbox 247 2287 350 2322; x_wconf 79' lang='lat' dir='ltr'><strong>Iussu</strong></span> <span class='ocrx_word' id='word_1_256' title='bbox 375 2287 530 2332; x_wconf 80' lang='lat' dir='ltr'><strong>Sibyllae</strong></span> <span class='ocrx_word' id='word_1_257' title='bbox 556 2289 728 2323; x_wconf 83' lang='lat' dir='ltr'><strong>celebrata</strong></span> <span class='ocrx_word' id='word_1_258' title='bbox 754 2294 833 2323; x_wconf 88' lang='lat' dir='ltr'><strong>sunt</strong></span> <span class='ocrx_word' id='word_1_259' title='bbox 859 2291 1051 2324; x_wconf 84' lang='lat' dir='ltr'><strong>saecularia</strong></span> <span class='ocrx_word' id='word_1_260' title='bbox 1081 2300 1114 2323; x_wconf 90' lang='lat' dir='ltr'><strong>a.</strong></span> <span class='ocrx_word' id='word_1_261' title='bbox 1140 2300 1174 2323; x_wconf 87' lang='lat' dir='ltr'><strong>u.</strong></span> <span class='ocrx_word' id='word_1_262' title='bbox 1202 2301 1230 2323; x_wconf 87' lang='lat' dir='ltr'><strong>c.</strong></span> <span class='ocrx_word' id='word_1_263' title='bbox 1260 2290 1330 2323; x_wconf 85' lang='lat'><strong>505</strong></span> <span class='ocrx_word' id='word_1_264' title='bbox 1365 2288 1491 2330; x_wconf 87' lang='lat' dir='ltr'><strong>(Varro</strong></span> <span class='ocrx_word' id='word_1_265' title='bbox 1517 2288 1610 2332; x_wconf 89' lang='lat' dir='ltr'><strong>apud</strong></span> <span class='ocrx_word' id='word_1_266' title='bbox 1637 2288 1866 2347; x_wconf 81' lang='lat' dir='ltr'><strong>Censorinum</strong></span> 
     </span>
     <span class='ocr_line' id='line_1_45' title="bbox 62 2331 1866 2396; baseline 0 -12"><span class='ocrx_word' id='word_1_267' title='bbox 62 2331 93 2376; x_wconf 73' lang='grc'><strong>’5</strong></span> <span class='ocrx_word' id='word_1_268' title='bbox 99 2347 185 2396; x_wconf 72' lang='lat'><strong>00),</strong></span> <span class='ocrx_word' id='word_1_269' title='bbox 216 2350 423 2394; x_wconf 67' lang='lat' dir='ltr'><strong>antiquioris</strong></span> <span class='ocrx_word' id='word_1_270' title='bbox 448 2351 581 2385; x_wconf 88' lang='lat' dir='ltr'><strong>ordinis</strong></span> <span class='ocrx_word' id='word_1_271' title='bbox 607 2362 687 2385; x_wconf 85' lang='lat' dir='ltr'><strong>vere</strong></span> <span class='ocrx_word' id='word_1_272' title='bbox 718 2353 847 2395; x_wconf 88' lang='lat' dir='ltr'><strong>prima·</strong></span> <span class='ocrx_word' id='word_1_273' title='bbox 886 2362 973 2396; x_wconf 88' lang='lat' dir='ltr'><strong>quae</strong></span> <span class='ocrx_word' id='word_1_274' title='bbox 999 2353 1226 2395; x_wconf 85' lang='lat' dir='ltr'><strong>praecessisse</strong></span> <span class='ocrx_word' id='word_1_275' title='bbox 1252 2352 1413 2385; x_wconf 89' lang='lat' dir='ltr'><strong>dicuntur</strong></span> <span class='ocrx_word' id='word_1_276' title='bbox 1439 2352 1533 2385; x_wconf 85' lang='lat' dir='ltr'><strong>edita</strong></span> <span class='ocrx_word' id='word_1_277' title='bbox 1558 2362 1602 2384; x_wconf 84' lang='lat' dir='ltr'><strong>ex</strong></span> <span class='ocrx_word' id='word_1_278' title='bbox 1629 2351 1778 2385; x_wconf 88' lang='lat' dir='ltr'><strong>oraculis</strong></span> <span class='ocrx_word' id='word_1_279' title='bbox 1804 2351 1866 2384; x_wconf 86' lang='lat' dir='ltr'><strong>do-</strong></span> 
     </span>
     <span class='ocr_line' id='line_1_46' title="bbox 83 2410 1093 2462; baseline 0.004 -16.941"><span class='ocrx_word' id='word_1_280' title='bbox 83 2452 98 2462; x_wconf 61' lang='lat'><strong>,-</strong></span> <span class='ocrx_word' id='word_1_281' title='bbox 113 2435 125 2444; x_wconf 92' lang='lat'><strong>.-</strong></span> <span class='ocrx_word' id='word_1_282' title='bbox 159 2410 238 2454; x_wconf 84' lang='lat' dir='ltr'><strong>cis,</strong></span> <span class='ocrx_word' id='word_1_283' title='bbox 265 2411 340 2447; x_wconf 78' lang='lat' dir='ltr'><strong>sine</strong></span> <span class='ocrx_word' id='word_1_284' title='bbox 363 2412 470 2446; x_wconf 82' lang='lat' dir='ltr'><strong>dubio</strong></span> <span class='ocrx_word' id='word_1_285' title='bbox 496 2413 594 2447; x_wconf 82' lang='lat' dir='ltr'><strong>nulla</strong></span> <span class='ocrx_word' id='word_1_286' title='bbox 618 2413 768 2447; x_wconf 80' lang='lat' dir='ltr'><strong>fuerunt.</strong></span> <span class='ocrx_word' id='word_1_287' title='bbox 1091 2421 1093 2423; x_wconf 83' lang='grc'><strong>’</strong></span> 
     </span>
    </p>

    <p class='ocr_par' dir='ltr' id='par_1_18' title="bbox 64 2470 1864 2649">
     <span class='ocr_line' id='line_1_47' title="bbox 76 2470 1863 2526; baseline 0 -18"><span class='ocrx_word' id='word_1_288' title='bbox 76 2484 109 2526; x_wconf 54' lang='lat'><strong>‘55</strong></span> <span class='ocrx_word' id='word_1_289' title='bbox 175 2470 209 2515; x_wconf 79' lang='lat'><strong>⁸)</strong></span> <span class='ocrx_word' id='word_1_290' title='bbox 248 2471 468 2509; x_wconf 66' lang='lat' dir='ltr'><strong>&amp;Hister-nia</strong></span> <span class='ocrx_word' id='word_1_291' title='bbox 492 2475 586 2519; x_wconf 85' lang='lat' dir='ltr'><strong>apud</strong></span> <span class='ocrx_word' id='word_1_292' title='bbox 604 2477 784 2510; x_wconf 89' lang='lat' dir='ltr'><strong>Valerium</strong></span> <span class='ocrx_word' id='word_1_293' title='bbox 809 2477 1005 2510; x_wconf 86' lang='lat' dir='ltr'><strong>Maximum</strong></span> <span class='ocrx_word' id='word_1_294' title='bbox 1032 2477 1083 2510; x_wconf 89' lang='lat' dir='ltr'><strong>bis</strong></span> <span class='ocrx_word' id='word_1_295' title='bbox 1109 2477 1251 2520; x_wconf 89' lang='lat' dir='ltr'><strong>praebet</strong></span> <span class='ocrx_word' id='word_1_296' title='bbox 1268 2477 1405 2510; x_wconf 89' lang='lat' dir='ltr'><strong>Paridis</strong></span> <span class='ocrx_word' id='word_1_297' title='bbox 1431 2477 1591 2519; x_wconf 87' lang='lat' dir='ltr'><strong>epitome,</strong></span> <span class='ocrx_word' id='word_1_298' title='bbox 1618 2476 1677 2508; x_wconf 90' lang='lat' dir='ltr'><strong>ubi</strong></span> <span class='ocrx_word' id='word_1_299' title='bbox 1704 2475 1863 2508; x_wconf 79' lang='lat' dir='ltr'><strong>lectister-</strong></span> 
     </span>
     <span class='ocr_line' id='line_1_48' title="bbox 72 2534 1864 2582; baseline 0 -12"><span class='ocrx_word' id='word_1_300' title='bbox 72 2534 113 2581; x_wconf 51' lang='lat' dir='ltr'>J</span> <span class='ocrx_word' id='word_1_301' title='bbox 165 2534 247 2571; x_wconf 82' lang='lat' dir='ltr'><strong>libri</strong></span> <span class='ocrx_word' id='word_1_302' title='bbox 275 2537 416 2580; x_wconf 77' lang='lat' dir='ltr'><strong>integri:</strong></span> <span class='ocrx_word' id='word_1_303' title='bbox 450 2537 538 2571; x_wconf 86' lang='lat' dir='ltr'><strong>illud</strong></span> <span class='ocrx_word' id='word_1_304' title='bbox 563 2548 681 2571; x_wconf 85' lang='lat' dir='ltr'><strong>verum</strong></span> <span class='ocrx_word' id='word_1_305' title='bbox 709 2549 783 2572; x_wconf 87' lang='lat' dir='ltr'><strong>esse</strong></span> <span class='ocrx_word' id='word_1_306' title='bbox 809 2544 885 2572; x_wconf 88' lang='lat' dir='ltr'><strong>acta</strong></span> <span class='ocrx_word' id='word_1_307' title='bbox 910 2543 1028 2572; x_wconf 84' lang='lat' dir='ltr'><strong>nostra</strong></span> <span class='ocrx_word' id='word_1_308' title='bbox 1055 2539 1232 2572; x_wconf 86' lang='lat' dir='ltr'><strong>declarant</strong></span> <span class='ocrx_word' id='word_1_309' title='bbox 1258 2543 1292 2571; x_wconf 89' lang='lat' dir='ltr'><strong>et</strong></span> <span class='ocrx_word' id='word_1_310' title='bbox 1323 2539 1436 2582; x_wconf 87' lang='lat' dir='ltr'><strong>potuit</strong></span> <span class='ocrx_word' id='word_1_311' title='bbox 1462 2538 1615 2581; x_wconf 83' lang='lat' dir='ltr'><strong>intellegi</strong></span> <span class='ocrx_word' id='word_1_312' title='bbox 1641 2542 1720 2571; x_wconf 85' lang='lat' dir='ltr'><strong>ante</strong></span> <span class='ocrx_word' id='word_1_313' title='bbox 1746 2548 1787 2571; x_wconf 90' lang='lat' dir='ltr'><strong>ea</strong></span> <span class='ocrx_word' id='word_1_314' title='bbox 1812 2538 1864 2570; x_wconf 92' lang='lat' dir='ltr'><strong>in-</strong></span> 
     </span>
     <span class='ocr_line' id='line_1_49' title="bbox 69 2600 1595 2649; baseline 0.001 -16.997"><span class='ocrx_word' id='word_1_315' title='bbox 64 2622 101 2646; x_wconf 80' lang='lat'><strong>·..-</strong></span> <span class='ocrx_word' id='word_1_316' title='bbox 122 2601 188 2640; x_wconf 61' lang='lat'><strong>203</strong></span> <span class='ocrx_word' id='word_1_317' title='bbox 214 2607 295 2632; x_wconf 72' lang='lat' dir='ltr'><strong>nam</strong></span> <span class='ocrx_word' id='word_1_318' title='bbox 321 2603 402 2633; x_wconf 78' lang='lat' dir='ltr'><strong>ntra</strong></span> <span class='ocrx_word' id='word_1_319' title='bbox 423 2600 527 2633; x_wconf 87' lang='lat' dir='ltr'><strong>lectio</strong></span> <span class='ocrx_word' id='word_1_320' title='bbox 554 2610 618 2643; x_wconf 91' lang='lat' dir='ltr'><strong>pro</strong></span> <span class='ocrx_word' id='word_1_321' title='bbox 645 2601 853 2644; x_wconf 87' lang='lat' dir='ltr'><strong>interpolata</strong></span> <span class='ocrx_word' id='word_1_322' title='bbox 878 2601 1039 2634; x_wconf 89' lang='lat' dir='ltr'><strong>habenda</strong></span> <span class='ocrx_word' id='word_1_323' title='bbox 1064 2601 1120 2642; x_wconf 89' lang='lat' dir='ltr'><strong>sit,</strong></span> <span class='ocrx_word' id='word_1_324' title='bbox 1148 2601 1278 2643; x_wconf 89' lang='lat' dir='ltr'><strong>peritus</strong></span> <span class='ocrx_word' id='word_1_325' title='bbox 1304 2611 1406 2634; x_wconf 92' lang='lat' dir='ltr'><strong>nemo</strong></span> <span class='ocrx_word' id='word_1_326' title='bbox 1433 2601 1595 2643; x_wconf 85' lang='lat' dir='ltr'><strong>ambiget.</strong></span> 
     </span>
    </p>

    <p class='ocr_par' dir='ltr' id='par_1_19' title="bbox 63 2650 1862 2774">
     <span class='ocr_line' id='line_1_50' title="bbox 145 2657 1862 2706; baseline 0.001 -11.954"><span class='ocrx_word' id='word_1_327' title='bbox 145 2684 149 2697; x_wconf 52' lang='lat'><strong><em>1</em></strong></span> <span class='ocrx_word' id='word_1_328' title='bbox 174 2657 211 2702; x_wconf 80' lang='lat'><strong>⁴)</strong></span> <span class='ocrx_word' id='word_1_329' title='bbox 247 2661 360 2694; x_wconf 74' lang='lat' dir='ltr'><strong>varro</strong></span> <span class='ocrx_word' id='word_1_330' title='bbox 385 2662 479 2704; x_wconf 83' lang='lat' dir='ltr'><strong>apud</strong></span> <span class='ocrx_word' id='word_1_331' title='bbox 506 2662 735 2696; x_wconf 87' lang='lat' dir='ltr'><strong>Censorinum</strong></span> <span class='ocrx_word' id='word_1_332' title='bbox 761 2663 783 2696; x_wconf 91' lang='lat' dir='ltr'><strong>l.</strong></span> <span class='ocrx_word' id='word_1_333' title='bbox 812 2675 859 2697; x_wconf 83' lang='lat' dir='ltr'><strong>c.:</strong></span> <span class='ocrx_word' id='word_1_334' title='bbox 894 2674 967 2696; x_wconf 82' lang='lat' dir='ltr'><strong>eum</strong></span> <span class='ocrx_word' id='word_1_335' title='bbox 993 2688 1001 2696; x_wconf 90' lang='lat'><strong>.</strong></span> <span class='ocrx_word' id='word_1_336' title='bbox 1018 2688 1026 2696; x_wconf 90' lang='lat'><strong>.</strong></span> <span class='ocrx_word' id='word_1_337' title='bbox 1044 2687 1052 2696; x_wconf 93' lang='lat'><em>.</em></span> <span class='ocrx_word' id='word_1_338' title='bbox 1082 2662 1188 2696; x_wconf 76' lang='lat' dir='ltr'><strong>libros</strong></span> <span class='ocrx_word' id='word_1_339' title='bbox 1214 2661 1400 2706; x_wconf 72' lang='lat' dir='ltr'><strong>Sibyllinos</strong></span> <span class='ocrx_word' id='word_1_340' title='bbox 1426 2660 1532 2696; x_wconf 76' lang='lat' dir='ltr'><strong>Xviri</strong></span> <span class='ocrx_word' id='word_1_341' title='bbox 1556 2661 1714 2703; x_wconf 72' lang='lat' dir='ltr'><strong>adissent,</strong></span> <span class='ocrx_word' id='word_1_342' title='bbox 1741 2672 1862 2695; x_wconf 81' lang='lat' dir='ltr'><strong>renun-</strong></span> 
     </span>
     <span class='ocr_line' id='line_1_51' title="bbox 63 2711 1649 2770; baseline 0.002 -15"><span class='ocrx_word' id='word_1_343' title='bbox 63 2711 70 2739; x_wconf 21' lang='lat'><strong>¹¹</strong></span> <span class='ocrx_word' id='word_1_344' title='bbox 107 2737 125 2748; x_wconf 75' lang='lat'><strong>›·</strong></span> <span class='ocrx_word' id='word_1_345' title='bbox 164 2725 210 2763; x_wconf 72' lang='lat' dir='ltr'><strong>nt,</strong></span> <span class='ocrx_word' id='word_1_346' title='bbox 237 2722 290 2761; x_wconf 67' lang='lat' dir='ltr'><strong>uti</strong></span> <span class='ocrx_word' id='word_1_347' title='bbox 312 2721 392 2756; x_wconf 74' lang='lat' dir='ltr'><strong>Diti</strong></span> <span class='ocrx_word' id='word_1_348' title='bbox 413 2724 516 2769; x_wconf 78' lang='lat' dir='ltr'><strong>patri</strong></span> <span class='ocrx_word' id='word_1_349' title='bbox 539 2729 572 2757; x_wconf 81' lang='lat' dir='ltr'><strong>et</strong></span> <span class='ocrx_word' id='word_1_350' title='bbox 596 2723 827 2770; x_wconf 78' lang='lat' dir='ltr'><strong>Proserpinae</strong></span> <span class='ocrx_word' id='word_1_351' title='bbox 862 2750 870 2758; x_wconf 96' lang='lat'>.</span> <span class='ocrx_word' id='word_1_352' title='bbox 886 2749 896 2759; x_wconf 89' lang='lat'><strong>.</strong></span> <span class='ocrx_word' id='word_1_353' title='bbox 911 2749 920 2758; x_wconf 88' lang='lat'><strong>.</strong></span> <span class='ocrx_word' id='word_1_354' title='bbox 955 2725 1030 2758; x_wconf 84' lang='lat' dir='ltr'><strong>ludi</strong></span> <span class='ocrx_word' id='word_1_355' title='bbox 1053 2725 1226 2758; x_wconf 79' lang='lat' dir='ltr'><strong>centesimo</strong></span> <span class='ocrx_word' id='word_1_356' title='bbox 1253 2736 1380 2769; x_wconf 80' lang='lat' dir='ltr'><strong>quoque</strong></span> <span class='ocrx_word' id='word_1_357' title='bbox 1407 2736 1493 2758; x_wconf 78' lang='lat' dir='ltr'><strong>anno</strong></span> <span class='ocrx_word' id='word_1_358' title='bbox 1518 2725 1649 2769; x_wconf 83' lang='lat' dir='ltr'><strong>fierent.</strong></span> 
     </span>
    </p>

    <p class='ocr_par' dir='ltr' id='par_1_20' title="bbox 57 2771 1862 3018">
     <span class='ocr_line' id='line_1_52' title="bbox 57 2771 1862 2834; baseline -0.001 -14"><span class='ocrx_word' id='word_1_359' title='bbox 57 2771 109 2826; x_wconf 18' lang='grc' dir='ltr'><strong>’,μ</strong></span> <span class='ocrx_word' id='word_1_360' title='bbox 174 2781 209 2826; x_wconf 78' lang='lat'><strong>⁵)</strong></span> <span class='ocrx_word' id='word_1_361' title='bbox 247 2783 398 2828; x_wconf 76' lang='lat' dir='ltr'><strong>Sibylla:</strong></span> <span class='ocrx_word' id='word_1_362' title='bbox 435 2777 699 2819; x_wconf 72' lang='grc' dir='ltr'><strong>ἅλλ’ὅπο’τ’ἆν</strong></span> <span class='ocrx_word' id='word_1_363' title='bbox 731 2779 891 2831; x_wconf 73' lang='grc' dir='ltr'><strong><em>μήκιστος</em></strong></span> <span class='ocrx_word' id='word_1_364' title='bbox 926 2782 978 2834; x_wconf 76' lang='grc' dir='ltr'><strong>ἵκῃ</strong></span> <span class='ocrx_word' id='word_1_365' title='bbox 1013 2779 1141 2834; x_wconf 75' lang='grc' dir='ltr'><strong><em>χρᾶνος</em></strong></span> <span class='ocrx_word' id='word_1_366' title='bbox 1167 2782 1380 2832; x_wconf 69' lang='grc' dir='ltr'>ἀνθρώποισι</span> <span class='ocrx_word' id='word_1_367' title='bbox 1412 2785 1512 2830; x_wconf 77' lang='grc' dir='ltr'>ζωῆς,</span> <span class='ocrx_word' id='word_1_368' title='bbox 1552 2786 1598 2824; x_wconf 81' lang='grc' dir='ltr'><strong>εἷς</strong></span> <span class='ocrx_word' id='word_1_369' title='bbox 1630 2783 1724 2819; x_wconf 76' lang='grc' dir='ltr'><strong>ἐτέων</strong></span> <span class='ocrx_word' id='word_1_370' title='bbox 1751 2776 1862 2818; x_wconf 73' lang='grc' dir='ltr'>ἑκατδν</span> 
     </span>
     <span class='ocr_line' id='line_1_53' title="bbox 73 2834 1861 2902; baseline 0.001 -23"><span class='ocrx_word' id='word_1_371' title='bbox 73 2834 108 2902; x_wconf 37' lang='grc' dir='ltr'><strong>’,ν’</strong></span> <span class='ocrx_word' id='word_1_372' title='bbox 134 2865 137 2867; x_wconf 92' lang='grc'>-</span> <span class='ocrx_word' id='word_1_373' title='bbox 171 2837 299 2891; x_wconf 28' lang='lat' dir='ltr'><strong>‚sinzo-r</strong></span> <span class='ocrx_word' id='word_1_374' title='bbox 326 2838 454 2880; x_wconf 72' lang='grc' dir='ltr'><em>ὅδεῦων.</em></span> <span class='ocrx_word' id='word_1_375' title='bbox 507 2848 598 2882; x_wconf 86' lang='lat' dir='ltr'><strong>Acta</strong></span> <span class='ocrx_word' id='word_1_376' title='bbox 624 2859 655 2882; x_wconf 80' lang='lat' dir='ltr'><strong>v,</strong></span> <span class='ocrx_word' id='word_1_377' title='bbox 676 2849 738 2882; x_wconf 80' lang='lat'><strong>25:</strong></span> <span class='ocrx_word' id='word_1_378' title='bbox 774 2847 1008 2894; x_wconf 58' lang='lat' dir='ltr'><strong>[show-{ficium</strong></span> <span class='ocrx_word' id='word_1_379' title='bbox 1039 2849 1213 2883; x_wconf 75' lang='lat' dir='ltr'><strong>saeculare</strong></span> <span class='ocrx_word' id='word_1_380' title='bbox 1247 2849 1407 2894; x_wconf 80' lang='lat' dir='ltr'><strong>ludosque</strong></span> <span class='ocrx_word' id='word_1_381' title='bbox 1440 2850 1498 2893; x_wconf 81' lang='lat' dir='ltr'><strong>qui</strong></span> <span class='ocrx_word' id='word_1_382' title='bbox 1529 2849 1700 2882; x_wconf 76' lang='lat' dir='ltr'><strong>centesimo</strong></span> <span class='ocrx_word' id='word_1_383' title='bbox 1727 2853 1759 2881; x_wconf 84' lang='lat' dir='ltr'><strong>et</strong></span> <span class='ocrx_word' id='word_1_384' title='bbox 1789 2847 1861 2890; x_wconf 85' lang='lat' dir='ltr'><strong>d[e-</strong></span> 
     </span>
     <span class='ocr_line' id='line_1_54' title="bbox 58 2909 1862 2956; baseline -0.001 -14"><span class='ocrx_word' id='word_1_385' title='bbox 58 2917 72 2935; x_wconf 67' lang='grc' dir='ltr'><strong><em>Ἰ</em></strong></span> <span class='ocrx_word' id='word_1_386' title='bbox 142 2916 275 2943; x_wconf 51' lang='lat' dir='ltr'><strong>amno</strong></span> <span class='ocrx_word' id='word_1_387' title='bbox 306 2909 510 2952; x_wconf 64' lang='lat' dir='ltr'><strong>recurrunt}</strong></span> <span class='ocrx_word' id='word_1_388' title='bbox 562 2911 726 2944; x_wconf 87' lang='lat' dir='ltr'><strong>Horatius</strong></span> <span class='ocrx_word' id='word_1_389' title='bbox 754 2912 818 2945; x_wconf 78' lang='lat'><strong>21:</strong></span> <span class='ocrx_word' id='word_1_390' title='bbox 851 2916 962 2945; x_wconf 74' lang='lat' dir='ltr'><strong>certus</strong></span> <span class='ocrx_word' id='word_1_391' title='bbox 991 2912 1140 2945; x_wconf 72' lang='lat' dir='ltr'><strong>undenos</strong></span> <span class='ocrx_word' id='word_1_392' title='bbox 1166 2911 1299 2945; x_wconf 77' lang='lat' dir='ltr'><strong>deciens</strong></span> <span class='ocrx_word' id='word_1_393' title='bbox 1324 2922 1391 2956; x_wconf 82' lang='lat' dir='ltr'><strong>per</strong></span> <span class='ocrx_word' id='word_1_394' title='bbox 1418 2923 1523 2945; x_wconf 85' lang='lat' dir='ltr'><strong>annos</strong></span> <span class='ocrx_word' id='word_1_395' title='bbox 1555 2910 1647 2944; x_wconf 77' lang='lat' dir='ltr'><strong>orbis</strong></span> <span class='ocrx_word' id='word_1_396' title='bbox 1677 2915 1714 2943; x_wconf 80' lang='lat' dir='ltr'><strong>ut</strong></span> <span class='ocrx_word' id='word_1_397' title='bbox 1746 2915 1862 2943; x_wconf 77' lang='lat' dir='ltr'><strong>cantus</strong></span> 
     </span>
     <span class='ocr_line' id='line_1_55' title="bbox 160 2969 395 3015; baseline 0.006 -11.407"><span class='ocrx_word' id='word_1_398' title='bbox 160 2973 259 3015; x_wconf 75' lang='lat' dir='ltr'><strong>atque</strong></span> <span class='ocrx_word' id='word_1_399' title='bbox 285 2969 395 3006; x_wconf 79' lang='lat' dir='ltr'><strong>ludos.</strong></span> 
     </span>
    </p>

    <p class='ocr_par' dir='ltr' id='par_1_21' title="bbox 72 3027 1723 3079">
     <span class='ocr_line' id='line_1_56' title="bbox 72 3027 1723 3079; baseline 0.001 -13"><span class='ocrx_word' id='word_1_400' title='bbox 72 3027 78 3038; x_wconf 79' lang='lat'><strong><em>¹</em></strong></span> <span class='ocrx_word' id='word_1_401' title='bbox 175 3029 209 3073; x_wconf 77' lang='lat'><strong>⁸)</strong></span> <span class='ocrx_word' id='word_1_402' title='bbox 247 3032 361 3067; x_wconf 73' lang='lat' dir='ltr'><strong>Van-0</strong></span> <span class='ocrx_word' id='word_1_403' title='bbox 387 3033 425 3075; x_wconf 88' lang='lat'><strong>(1.</strong></span> <span class='ocrx_word' id='word_1_404' title='bbox 444 3045 473 3067; x_wconf 82' lang='lat' dir='ltr'><strong>c.</strong></span> <span class='ocrx_word' id='word_1_405' title='bbox 500 3035 582 3068; x_wconf 89' lang='lat' dir='ltr'><strong>adn.</strong></span> <span class='ocrx_word' id='word_1_406' title='bbox 601 3034 659 3076; x_wconf 80' lang='lat'><strong>4);</strong></span> <span class='ocrx_word' id='word_1_407' title='bbox 691 3035 814 3068; x_wconf 85' lang='lat' dir='ltr'><strong>Festus</strong></span> <span class='ocrx_word' id='word_1_408' title='bbox 839 3046 871 3068; x_wconf 82' lang='lat' dir='ltr'><strong>v.</strong></span> <span class='ocrx_word' id='word_1_409' title='bbox 898 3036 1092 3069; x_wconf 83' lang='lat' dir='ltr'><strong>saeculares</strong></span> <span class='ocrx_word' id='word_1_410' title='bbox 1118 3046 1150 3078; x_wconf 91' lang='lat' dir='ltr'><strong>p.</strong></span> <span class='ocrx_word' id='word_1_411' title='bbox 1173 3036 1243 3069; x_wconf 87' lang='grc'><strong>329</strong></span> <span class='ocrx_word' id='word_1_412' title='bbox 1271 3040 1305 3068; x_wconf 90' lang='lat' dir='ltr'><strong>et</strong></span> <span class='ocrx_word' id='word_1_413' title='bbox 1329 3046 1361 3068; x_wconf 88' lang='lat' dir='ltr'><strong>v.</strong></span> <span class='ocrx_word' id='word_1_414' title='bbox 1389 3040 1562 3069; x_wconf 88' lang='lat' dir='ltr'><strong>tarentum</strong></span> <span class='ocrx_word' id='word_1_415' title='bbox 1587 3046 1621 3079; x_wconf 90' lang='lat' dir='ltr'><strong>p.</strong></span> <span class='ocrx_word' id='word_1_416' title='bbox 1641 3035 1723 3068; x_wconf 87' lang='lat'><strong>351.</strong></span> 
     </span>
    </p>

    <p class='ocr_par' dir='ltr' id='par_1_22' title="bbox 50 3088 1863 3512">
     <span class='ocr_line' id='line_1_57' title="bbox 85 3088 1863 3142; baseline 0.003 -19"><span class='ocrx_word' id='word_1_417' title='bbox 85 3112 105 3130; x_wconf 57' lang='grc' dir='ltr'><strong>«Υ</strong></span> <span class='ocrx_word' id='word_1_418' title='bbox 174 3090 208 3135; x_wconf 69' lang='grc'><strong>7)</strong></span> <span class='ocrx_word' id='word_1_419' title='bbox 244 3094 403 3130; x_wconf 84' lang='lat' dir='ltr'><strong>Zosimus</strong></span> <span class='ocrx_word' id='word_1_420' title='bbox 429 3096 580 3130; x_wconf 80' lang='lat' dir='ltr'><strong>scribens</strong></span> <span class='ocrx_word' id='word_1_421' title='bbox 608 3097 676 3130; x_wconf 88' lang='lat' dir='ltr'><strong>sic:</strong></span> <span class='ocrx_word' id='word_1_422' title='bbox 711 3089 837 3130; x_wconf 62' lang='lat' dir='ltr'><strong>&amp;doum</strong></span> <span class='ocrx_word' id='word_1_423' title='bbox 866 3094 902 3130; x_wconf 66' lang='grc' dir='ltr'><strong>δὶ</strong></span> <span class='ocrx_word' id='word_1_424' title='bbox 934 3097 1032 3135; x_wconf 68' lang='grc' dir='ltr'>θεοῖς</span> <span class='ocrx_word' id='word_1_425' title='bbox 1058 3095 1123 3130; x_wconf 83' lang='grc' dir='ltr'><strong>Διὶ</strong></span> <span class='ocrx_word' id='word_1_426' title='bbox 1155 3095 1209 3130; x_wconf 80' lang='grc' dir='ltr'><strong>καὶ</strong></span> <span class='ocrx_word' id='word_1_427' title='bbox 1231 3088 1329 3142; x_wconf 58' lang='lat' dir='ltr'><strong>“Hpq</strong></span> <span class='ocrx_word' id='word_1_428' title='bbox 1362 3096 1417 3129; x_wconf 83' lang='grc' dir='ltr'><strong>καὶ</strong></span> <span class='ocrx_word' id='word_1_429' title='bbox 1448 3088 1642 3130; x_wconf 65' lang='grc' dir='ltr'><strong>Ἀπόλλωνι</strong></span> <span class='ocrx_word' id='word_1_430' title='bbox 1673 3094 1727 3130; x_wconf 79' lang='grc' dir='ltr'><strong>καὶ</strong></span> <span class='ocrx_word' id='word_1_431' title='bbox 1752 3096 1863 3138; x_wconf 83' lang='grc' dir='ltr'><strong>Λητοῖ</strong></span> 
     </span>
     <span class='ocr_line' id='line_1_58' title="bbox 151 3146 1860 3209; baseline -0.002 -22"><span class='ocrx_word' id='word_1_432' title='bbox 151 3149 327 3201; x_wconf 57' lang='lat' dir='ltr'><strong>&#39;Aps-ipa&amp;</strong></span> <span class='ocrx_word' id='word_1_433' title='bbox 352 3146 407 3190; x_wconf 65' lang='lat' dir='ltr'><strong>nal</strong></span> <span class='ocrx_word' id='word_1_434' title='bbox 431 3155 571 3203; x_wconf 71' lang='grc' dir='ltr'><strong>προσέτι</strong></span> <span class='ocrx_word' id='word_1_435' title='bbox 597 3169 633 3203; x_wconf 75' lang='grc' dir='ltr'><strong>γε</strong></span> <span class='ocrx_word' id='word_1_436' title='bbox 658 3155 805 3203; x_wconf 79' lang='grc' dir='ltr'>Μοίραις</span> <span class='ocrx_word' id='word_1_437' title='bbox 830 3154 887 3191; x_wconf 78' lang='grc' dir='ltr'><strong>καὶ</strong></span> <span class='ocrx_word' id='word_1_438' title='bbox 910 3155 1132 3197; x_wconf 67' lang='grc' dir='ltr'><strong>Εἰλειθυίαις</strong></span> <span class='ocrx_word' id='word_1_439' title='bbox 1157 3149 1335 3206; x_wconf 60' lang='lat' dir='ltr'><strong>xal⁰A132q</strong></span> <span class='ocrx_word' id='word_1_440' title='bbox 1361 3157 1414 3192; x_wconf 77' lang='grc' dir='ltr'><strong>καὶ</strong></span> <span class='ocrx_word' id='word_1_441' title='bbox 1434 3150 1632 3209; x_wconf 60' lang='grc' dir='ltr'><strong>Περσξῲᾶνῃ</strong></span> <span class='ocrx_word' id='word_1_442' title='bbox 1660 3170 1736 3192; x_wconf 88' lang='lat' dir='ltr'><strong>cum</strong></span> <span class='ocrx_word' id='word_1_443' title='bbox 1762 3169 1860 3202; x_wconf 87' lang='lat' dir='ltr'><strong>prae-</strong></span> 
     </span>
     <span class='ocr_line' id='line_1_59' title="bbox 82 3219 1858 3265; baseline 0.001 -12.973"><span class='ocrx_word' id='word_1_444' title='bbox 82 3234 108 3239; x_wconf 39' lang='grc' dir='ltr'>Ἡ</span> <span class='ocrx_word' id='word_1_445' title='bbox 132 3232 139 3245; x_wconf 58' lang='grc'><strong>’-</strong></span> <span class='ocrx_word' id='word_1_446' title='bbox 191 3219 327 3262; x_wconf 75' lang='lat' dir='ltr'><strong>egregie</strong></span> <span class='ocrx_word' id='word_1_447' title='bbox 352 3220 537 3254; x_wconf 51' lang='lat' dir='ltr'><strong>eonseniat</strong></span> <span class='ocrx_word' id='word_1_448' title='bbox 564 3231 640 3254; x_wconf 89' lang='lat' dir='ltr'><strong>cum</strong></span> <span class='ocrx_word' id='word_1_449' title='bbox 668 3222 819 3254; x_wconf 86' lang='lat' dir='ltr'><strong>carmine</strong></span> <span class='ocrx_word' id='word_1_450' title='bbox 847 3222 998 3265; x_wconf 86' lang='lat' dir='ltr'><strong>actisque</strong></span> <span class='ocrx_word' id='word_1_451' title='bbox 1024 3226 1158 3255; x_wconf 86' lang='lat' dir='ltr'><strong>retenta</strong></span> <span class='ocrx_word' id='word_1_452' title='bbox 1183 3221 1270 3254; x_wconf 89' lang='lat' dir='ltr'><strong>adeo</strong></span> <span class='ocrx_word' id='word_1_453' title='bbox 1298 3221 1538 3255; x_wconf 87' lang='lat' dir='ltr'><strong>distributione</strong></span> <span class='ocrx_word' id='word_1_454' title='bbox 1565 3231 1740 3255; x_wconf 87' lang='lat' dir='ltr'><strong>sacrorum</strong></span> <span class='ocrx_word' id='word_1_455' title='bbox 1767 3221 1858 3254; x_wconf 86' lang='lat' dir='ltr'><strong>diur-</strong></span> 
     </span>
     <span class='ocr_line' id='line_1_60' title="bbox 51 3283 1859 3327; baseline 0.003 -16"><span class='ocrx_word' id='word_1_456' title='bbox 51 3294 121 3311; x_wconf 69' lang='lat' dir='ltr'><strong>..u</strong></span> <span class='ocrx_word' id='word_1_457' title='bbox 146 3290 195 3313; x_wconf 86' lang='lat' dir='ltr'><strong>m</strong></span> <span class='ocrx_word' id='word_1_458' title='bbox 220 3284 532 3325; x_wconf 67' lang='lat' dir='ltr'><strong>noctur-notumque</strong></span> <span class='ocrx_word' id='word_1_459' title='bbox 567 3288 600 3315; x_wconf 89' lang='lat' dir='ltr'><strong>et</strong></span> <span class='ocrx_word' id='word_1_460' title='bbox 632 3283 667 3315; x_wconf 90' lang='lat' dir='ltr'><strong>in</strong></span> <span class='ocrx_word' id='word_1_461' title='bbox 693 3283 846 3326; x_wconf 84' lang='lat' dir='ltr'><strong>utrisque</strong></span> <span class='ocrx_word' id='word_1_462' title='bbox 874 3284 964 3316; x_wconf 89' lang='lat' dir='ltr'><strong>iusto</strong></span> <span class='ocrx_word' id='word_1_463' title='bbox 991 3283 1132 3325; x_wconf 88' lang='lat' dir='ltr'><strong>ordine,</strong></span> <span class='ocrx_word' id='word_1_464' title='bbox 1169 3294 1209 3316; x_wconf 89' lang='lat' dir='ltr'><strong>eo</strong></span> <span class='ocrx_word' id='word_1_465' title='bbox 1237 3284 1375 3316; x_wconf 87' lang='lat' dir='ltr'><strong>nomine</strong></span> <span class='ocrx_word' id='word_1_466' title='bbox 1403 3284 1483 3316; x_wconf 88' lang='lat' dir='ltr'><strong>inde</strong></span> <span class='ocrx_word' id='word_1_467' title='bbox 1510 3283 1670 3326; x_wconf 86' lang='lat' dir='ltr'><strong>discedit,</strong></span> <span class='ocrx_word' id='word_1_468' title='bbox 1706 3283 1798 3327; x_wconf 87' lang='lat' dir='ltr'><strong>quod</strong></span> <span class='ocrx_word' id='word_1_469' title='bbox 1824 3284 1859 3316; x_wconf 85' lang='lat' dir='ltr'><strong>in</strong></span> 
     </span>
     <span class='ocr_line' id='line_1_61' title="bbox 55 3340 1858 3391; baseline 0.001 -15"><span class='ocrx_word' id='word_1_470' title='bbox 55 3360 105 3390; x_wconf 92' lang='grc' dir='ltr'><strong>Υ</strong></span> <span class='ocrx_word' id='word_1_471' title='bbox 130 3388 131 3391; x_wconf 65' lang='lat'><strong>,</strong></span> <span class='ocrx_word' id='word_1_472' title='bbox 171 3340 271 3377; x_wconf 69' lang='lat' dir='ltr'><strong>addit</strong></span> <span class='ocrx_word' id='word_1_473' title='bbox 293 3342 415 3376; x_wconf 81' lang='lat' dir='ltr'><strong>Ditem</strong></span> <span class='ocrx_word' id='word_1_474' title='bbox 447 3349 480 3376; x_wconf 88' lang='lat' dir='ltr'><strong>et</strong></span> <span class='ocrx_word' id='word_1_475' title='bbox 505 3345 758 3388; x_wconf 86' lang='lat' dir='ltr'><strong>Proserpinam.</strong></span> <span class='ocrx_word' id='word_1_476' title='bbox 811 3345 882 3380; x_wconf 90' lang='lat' dir='ltr'><strong>Sed</strong></span> <span class='ocrx_word' id='word_1_477' title='bbox 908 3356 985 3379; x_wconf 89' lang='lat' dir='ltr'><strong>cum</strong></span> <span class='ocrx_word' id='word_1_478' title='bbox 1011 3346 1199 3379; x_wconf 87' lang='lat' dir='ltr'><strong>secundum</strong></span> <span class='ocrx_word' id='word_1_479' title='bbox 1233 3346 1467 3379; x_wconf 86' lang='lat' dir='ltr'><strong>narrationem</strong></span> <span class='ocrx_word' id='word_1_480' title='bbox 1499 3346 1607 3388; x_wconf 85' lang='lat' dir='ltr'><strong>ipsius</strong></span> <span class='ocrx_word' id='word_1_481' title='bbox 1639 3346 1710 3378; x_wconf 91' lang='lat' dir='ltr'><strong>ludi</strong></span> <span class='ocrx_word' id='word_1_482' title='bbox 1741 3355 1858 3378; x_wconf 85' lang='lat' dir='ltr'><strong>saecu·</strong></span> 
     </span>
     <span class='ocr_line' id='line_1_62' title="bbox 67 3390 1859 3452; baseline 0 -12"><span class='ocrx_word' id='word_1_483' title='bbox 67 3390 84 3406; x_wconf 30' lang='grc' dir='ltr'>Ἀ</span> <span class='ocrx_word' id='word_1_484' title='bbox 188 3402 252 3440; x_wconf 70' lang='lat' dir='ltr'><strong>tub</strong></span> <span class='ocrx_word' id='word_1_485' title='bbox 268 3403 535 3448; x_wconf 83' lang='lat' dir='ltr'><strong>imperatoribus</strong></span> <span class='ocrx_word' id='word_1_486' title='bbox 562 3407 723 3440; x_wconf 87' lang='lat' dir='ltr'><strong>celebrati</strong></span> <span class='ocrx_word' id='word_1_487' title='bbox 750 3412 950 3449; x_wconf 86' lang='lat' dir='ltr'><strong>repetantur</strong></span> <span class='ocrx_word' id='word_1_488' title='bbox 968 3407 1011 3441; x_wconf 87' lang='lat' dir='ltr'><strong>ab</strong></span> <span class='ocrx_word' id='word_1_489' title='bbox 1032 3408 1294 3451; x_wconf 85' lang='lat' dir='ltr'><strong>antiquioribus,</strong></span> <span class='ocrx_word' id='word_1_490' title='bbox 1322 3408 1450 3441; x_wconf 89' lang='lat' dir='ltr'><strong>scilicet</strong></span> <span class='ocrx_word' id='word_1_491' title='bbox 1466 3409 1554 3441; x_wconf 84' lang='lat' dir='ltr'><strong>votis</strong></span> <span class='ocrx_word' id='word_1_492' title='bbox 1580 3408 1670 3441; x_wconf 89' lang='lat' dir='ltr'><strong>male</strong></span> <span class='ocrx_word' id='word_1_493' title='bbox 1696 3407 1859 3452; x_wconf 78' lang='lat' dir='ltr'><strong>neglectis</strong></span> 
     </span>
     <span class='ocr_line' id='line_1_63' title="bbox 50 3461 1742 3512; baseline 0.002 -13"><span class='ocrx_word' id='word_1_494' title='bbox 50 3461 108 3512; x_wconf 53' lang='lat'><strong>[⁶⁸</strong></span> <span class='ocrx_word' id='word_1_495' title='bbox 131 3463 224 3499; x_wconf 84' lang='lat' dir='ltr'><strong>ludis</strong></span> <span class='ocrx_word' id='word_1_496' title='bbox 249 3466 464 3509; x_wconf 83' lang='lat' dir='ltr'><strong>intermissis,</strong></span> <span class='ocrx_word' id='word_1_497' title='bbox 493 3468 541 3501; x_wconf 89' lang='lat' dir='ltr'><strong>dii</strong></span> <span class='ocrx_word' id='word_1_498' title='bbox 569 3469 693 3503; x_wconf 91' lang='lat' dir='ltr'><strong>horum</strong></span> <span class='ocrx_word' id='word_1_499' title='bbox 718 3469 894 3512; x_wconf 85' lang='lat' dir='ltr'><strong>praesides</strong></span> <span class='ocrx_word' id='word_1_500' title='bbox 919 3470 1114 3503; x_wconf 84' lang='lat' dir='ltr'><strong>necessario</strong></span> <span class='ocrx_word' id='word_1_501' title='bbox 1140 3470 1185 3502; x_wconf 90' lang='lat' dir='ltr'><strong>ad</strong></span> <span class='ocrx_word' id='word_1_502' title='bbox 1212 3469 1391 3503; x_wconf 88' lang='lat' dir='ltr'><strong>elenchum</strong></span> <span class='ocrx_word' id='word_1_503' title='bbox 1417 3470 1568 3503; x_wconf 86' lang='lat' dir='ltr'><strong>addendi</strong></span> <span class='ocrx_word' id='word_1_504' title='bbox 1593 3470 1742 3504; x_wconf 84' lang='lat' dir='ltr'><strong>fuerunt.</strong></span> 
     </span>
    </p>
   </div>
  </div>
 </body>
</html>
