2216 3796
663 921 1333 997 INSTRVMENTVM
1385 921 1934 999 DOMESTIOVM.

545 1204 719 1242 Multum
749 1205 877 1242 adhuc
907 1205 1029 1255 abest,
1061 1208 1106 1242 ut
1136 1205 1184 1242 de
1214 1203 1483 1242 monumentis
1508 1204 1664 1254 exiguis
1693 1205 1937 1259 plerumque,
1968 1215 2075 1257 quae·
2099 1198 2198 1270 subs

431 1271 591 1311 nomine
611 1273 865 1311 instrumenti
883 1272 962 1311 iam
983 1273 1156 1311 solemus
1172 1274 1514 1326 comprehendere,
1531 1274 1671 1324 plenae
1692 1278 1732 1313 et
1751 1279 1879 1314 certae
1899 1288 1948 1315 ex
1963 1274 2176 1327 Hispaniis
2188 1293 2203 1331 ⁴5

431 1343 481 1379 ad
501 1355 564 1380 me
587 1341 820 1392 perveniant
849 1342 1120 1381 indicationes.
1164 1344 1277 1383 Quae
1297 1342 1363 1381 hic
1384 1343 1590 1394 composui
1618 1357 1745 1394 pauca
1765 1349 1858 1384 sunt
1877 1357 1972 1384 casu
1991 1349 2172 1396 enotata3
2189 1335 2200 1356 c

433 1424 532 1460 quae
562 1411 606 1449 in
636 1411 793 1462 oppidis
813 1410 978 1450 vetustis
1007 1424 1134 1461 paene
1165 1411 1351 1450 omnibus
1380 1411 1500 1450 huius
1530 1413 1687 1461 generis
1716 1413 1906 1453 continuo
1933 1413 2175 1465 proveniunt
2190 1409 2200 1456 ἴ

432 1480 661 1533 specimina,
693 1480 923 1531 praesertim
944 1481 1151 1519 Cordubae
1173 1481 1334 1531 Hispali
1353 1482 1584 1534 Tarracone,
1608 1495 1658 1520 ne
1679 1483 1832 1522 enotari
1851 1483 2011 1534 quidem
2030 1484 2190 1523 solent.-

431 1549 491 1587 Ex
511 1549 601 1587 Ilici
631 1554 671 1588 et
700 1551 876 1599 Sagunto
905 1550 1024 1600 paulo
1054 1550 1170 1600 plura
1198 1551 1374 1600 proferre
1403 1550 1530 1602 licuit,
1563 1552 1760 1603 descripta
1788 1553 1859 1592 illa
1882 1552 2174 1592 accuratissime

431 1617 494 1655 vel
513 1617 647 1667 potius
668 1619 822 1668 depicta
843 1633 865 1657 a
885 1620 1000 1657 Petro
1017 1619 1160 1671 Ibarra,
1184 1619 1255 1669 qui
1274 1618 1406 1658 fratris
1428 1620 1607 1659 defuncti
1627 1621 1758 1661 studia
1778 1621 2002 1672 antiquaria
2019 1620 2177 1672 aequali

433 1685 640 1736 diligentia
668 1687 931 1740 persequitur,
963 1691 1002 1726 et
1032 1702 1055 1726 a
1083 1687 1294 1727 Francisco
1326 1690 1506 1728 Chabret.

909 1851 979 1889 111.
1021 1851 1238 1889 MASSAE
1267 1851 1473 1889 PLVMBI
1507 1864 1547 1902 p.
1575 1853 1696 1891 1001.
2202 1829 2216 1910 ᾗ

434 1949 520 1993 254
546 1955 562 1990 Ῑ
609 1953 847 2003 Carthagine
884 1967 1004 2007 nova,
1046 1953 1089 1992 in
1126 1954 1293 2004 collegio
1331 1957 1530 1997 Quattuor
1567 1957 1819 2007 Sanctorum,
1860 1967 1988 1995 massa
2022 1956 2216 2007 plumbi

489 2023 609 2072 longa
638 2037 689 2061 m.
716 2024 809 2062 0.38
843 2021 1012 2074 (pondus
1033 2036 1114 2062 non
1134 2021 1365 2077 indicatur);
1397 2024 1439 2062 in
1470 2037 1566 2063 cavo
1595 2026 1716 2077 longo
1736 2038 1788 2064 m.
1814 2026 1908 2064 0.18
1939 2024 2177 2076 inscriptum

492 2097 551 2129 est
579 2092 722 2130 litteris
751 2092 1071 2142 prominentibus
1102 2106 1202 2131 saec.
1234 2098 1330 2144 puto
1361 2093 1482 2143 primi

1063 2220 1210 2247 LAETILI
1235 2229 1243 2238 ·
1270 2221 1373 2247 FERM
1432 2222 1572 2249 caduceum

434 2325 634 2362 Arthurus
662 2324 790 2373 Engel
818 2323 919 2362 vidit
947 2337 998 2362 m.
1031 2325 1128 2363 Dec.
1161 2338 1194 2362 a.
1228 2325 1333 2368 1893
1365 2324 1543 2374 mihique
1573 2325 1810 2376 descriptam
1837 2325 1948 2365 misit
1976 2324 2178 2365 affirmans
2215 2320 2216 2324 ¹

436 2393 560 2444 Ferm,
593 2406 675 2431 non
705 2393 823 2445 Firm,
853 2392 952 2442 legi3
984 2393 1090 2431 unde
1111 2406 1192 2431 non
1214 2393 1370 2431 videtur
1390 2393 1646 2446 cogitandum
1666 2407 1752 2434 esse
1772 2396 1821 2434 de
1840 2394 2008 2434 Laetilio
2029 2396 2174 2448 Firmo,

435 2475 674 2511 quamquam
703 2475 849 2501 nomen
878 2461 1027 2511 gentile
1057 2461 1143 2501 sine
1173 2462 1429 2512 praenomine
1459 2463 1592 2502 minus
1621 2463 1811 2503 usitatum
1841 2468 1912 2504 est.
1972 2464 2088 2503 Ferm
2108 2494 2118 2504 .
2137 2495 2146 2504 .
2164 2495 2174 2504 .

437 2535 570 2569 autem
590 2531 816 2570 fodinarum
836 2544 983 2569 nomen
1005 2535 1082 2580 est3
1105 2532 1154 2570 cf.
1180 2532 1288 2570 6247
1309 2541 1325 2567 3
1352 2532 1414 2570 Μ.
1436 2532 1518 2570 Rai
1532 2533 1625 2584 Rufi
1642 2540 1826 2576 [caducam]
1845 2533 1933 2574 Fer.
1973 2534 2008 2572 E
2027 2533 2178 2573 fodinis
2214 2572 2216 2574 .

436 2600 590 2650 plumbi
626 2600 1020 2650 Carthaginiensibus
1057 2601 1159 2638 hanc
1196 2614 1353 2650 quoque
1393 2614 1581 2653 massam,
1629 2606 1675 2640 ut
1712 2601 1863 2641 similes
1900 2603 1939 2642 Π
1969 2604 2078 2642 6247
2098 2611 2126 2642 3.
2145 2612 2175 2655 4,
2214 2601 2216 2616 ³

436 2669 665 2720 provenisse
706 2669 811 2708 idem
856 2669 1016 2708 Laetilii
1054 2683 1201 2708 nomen
1238 2671 1395 2721 probat,
1441 2672 1548 2720 quod
1592 2670 1831 2724 Carthagine
1876 2675 2031 2711 tantum
2075 2672 2178 2711 redit

438 2736 489 2789 (II
522 2740 644 2778 3473.
679 2740 801 2777 3474.
837 2736 973 2790 5929).

439 2866 462 2902 2
510 2865 747 2915 Carthagine
777 2879 892 2918 nova,
923 2878 1004 2915 rep.
1037 2865 1080 2903 in
1109 2871 1240 2917 portu,
1273 2879 1402 2904 massa
1432 2867 1597 2916 plumbi.

1097 2993 1118 3019 P
1141 3001 1150 3009 ·
1174 2992 1315 3019 TVRLLI
1346 2992 1517 3021 LABEONI

1251 3066 1360 3092 cycnus

442 3154 591 3192 Boletin
619 3153 664 3191 de
693 3154 732 3191 la
760 3153 943 3192 Soeiedad
970 3152 1242 3206 Arqueoloyica
1271 3154 1437 3193 Luciam
1466 3155 1522 3193 VI
1552 3155 1659 3194 1895
1689 3169 1727 3206 p.
1756 3157 1831 3194 111
1865 3154 2000 3195 nescio
2028 3157 2148 3195 unde.

498 3226 536 3262 A
564 3223 723 3262 nemine
753 3223 831 3261 alio
863 3223 1080 3272 quidquam
1110 3224 1157 3261 de
1187 3237 1318 3262 massa
1345 3225 1419 3261 hac
1456 3223 1571 3274 potui
1608 3223 1830 3278 resciscere.
1891 3226 2066 3277 Cycnus,
2109 3211 2180 3275 qui

441 3292 586 3331 dicitur
605 3292 709 3331 infra
721 3280 901 3331 *caelatus
922 3305 1018 3343 esse,
1042 3292 1201 3343 signum
1221 3297 1280 3331 est
1300 3292 1537 3344 fodinarum,
1561 3293 1669 3331 velut
1689 3294 1884 3333 caduceus
1904 3298 1944 3333 et
1967 3293 2179 3345 delphinus
2207 3306 2209 3309 ·

441 3362 484 3399 in
513 3361 602 3400 aliis
640 3361 836 3400 eiusmodi
871 3362 1161 3401 monumentis.·
1218 3363 1375 3400 Nomen
1412 3362 1570 3401 videtur
1605 3362 1730 3401 fuisse
1767 3374 1949 3416 TVRELm,
1988 3363 2179 3414 scriptum

441 3431 608 3469 fortasse
628 3442 791 3469 Tvaam.
842 3430 1009 3470 Turellii
1034 3430 1076 3469 in
1097 3431 1159 3470 his
1179 3431 1408 3482 regionibus
1429 3431 1498 3469 alii
1527 3431 1681 3471 inventi
1710 3436 1802 3471 sunt
1822 3430 1875 3484 (11
1891 3433 2014 3472 3103.
2039 3428 2176 3485 3104).
2208 3483 2210 3485 ‚

441 3500 489 3537 In
518 3500 596 3537 fine
627 3500 736 3538 deest
765 3510 803 3538 s.
