2216 3796
416 368 513 415 450
1097 381 1478 416 TARRAOONENsm

413 506 570 545 Titulus
602 509 719 557 auget
748 518 958 544 numerum
988 506 1067 546 iam
1102 520 1291 557 magnum
1331 521 1478 560 eorum,
1521 507 1591 557 qui
1629 508 1850 546 Tarracone
1888 507 2012 558 positi
2048 513 2160 565 erant

412 575 639 614 flaminibus
668 575 896 625 provinciae
925 575 1145 627 Hispaniae
1176 576 1370 616 citerioris
1401 574 1452 630 (II
1484 578 1779 616 4188—4260.
1814 574 2122 632 6092—6100).

412 687 506 732 200
535 693 767 744 Tarracone,
800 706 880 744 rep.
903 707 985 731 una
1006 706 1096 732 cum
1115 707 1154 732 n.
1183 695 1261 732 199
1284 688 1333 732 ad
1361 699 1517 744 portam
1537 693 1774 732 cathedralis
1802 693 1991 733 ecclesiae
2013 694 2158 733 dictam

469 762 507 799 S.
530 761 710 813 Theclae,
741 761 850 800 basis
876 761 1054 801 eiusdem
1083 766 1129 800 ut
1157 761 1226 800 illa
1256 762 1562 815 magnitudinis,
1592 762 1737 801 litteris
1767 762 1946 802 eiusdem
1973 767 2020 802 ut
2047 763 2158 802 illius

469 830 619 882 aetatis,
653 830 744 869 altis
764 845 815 870 m.
841 834 950 884 0.05,
982 831 1195 870 maximam
1223 836 1376 882 partem
1398 832 1580 870 consulto
1602 831 1755 884 deletis,
1785 837 1831 871 ut
1856 832 1959 884 lapis
1977 831 2022 870 in
2041 845 2158 883 opere

468 899 732 939 adhiberetur.

992 952 997 958 ’
1022 954 1024 957 ’
1075 970 1095 995 L
1116 979 1125 988 ·
1144 969 1336 998 ΑΝτοΝιο
1359 979 1366 987 ·
1387 971 1408 996 1.
1422 954 1486 996 lllllll!

1067 1021 1487 1081 ''slssssssss

1155 1093 1272 1126 reliqua
1288 1100 1412 1127 prorsus

1154 1138 1326 1165 oblitterata
1344 1139 1417 1165 sunt

412 1232 500 1270 Fita
539 1231 609 1271 bol.
642 1232 686 1270 de
715 1233 754 1270 Za
783 1232 904 1271 Aead.
943 1234 1060 1271 XXV
1095 1234 1202 1272 1894
1232 1247 1269 1284 p.
1302 1236 1381 1272 401
1426 1234 1496 1283 qui
1533 1235 1715 1273 observat
1751 1235 1920 1274 fortasse
1957 1235 2155 1286 pertinere

409 1300 571 1339 titulum
603 1303 653 1339 ad
681 1303 725 1340 L.
747 1302 972 1347 Antonium
1003 1301 1262 1340 Saturninum
1291 1304 1330 1341 II
1361 1305 1484 1341 4194.

410 1413 534 1457 20οα
578 1418 809 1470 Tarracone,
841 1431 920 1467 rep.
944 1431 978 1456 a.
1007 1419 1127 1470 1896,
1159 1418 1265 1457 basis
1286 1419 1364 1457 alta
1383 1431 1435 1457 m.
1461 1421 1569 1472 0.40,
1600 1419 1682 1458 lata
1704 1422 1813 1473 0.40‚
1833 1419 1977 1459 litteris
1997 1433 2096 1460 saec.
2118 1421 2157 1459 II

467 1485 726 1539 elegantibus,
759 1486 850 1526 altis
881 1501 904 1525 a
933 1500 986 1529 m.
1019 1488 1113 1526 0.05
1147 1488 1197 1526 ad
1230 1490 1339 1527 0.04.

1171 1607 1459 1642 onvchk

1175 1683 1204 1711 ο
1219 1692 1229 1701 ·
1250 1683 1353 1711 SACR
1369 1693 1377 1701 -
1393 1684 1460 1711 NG

1161 1752 1461 1781 mar-cusceus

1098 1828 1112 1846 ε
1157 1822 1239 1849 vm
1272 1830 1282 1839 ·
1322 1822 1413 1849 Avo
1447 1831 1456 1839 ·

998 1891 1014 1917 5
1084 1891 1460 1925 sanun-BERONJCE

1166 1960 1267 1987 xxon

407 2060 611 2111 Descripsi
641 2074 690 2100 ex
726 2065 864 2112 ectypo
896 2075 919 2100 a
950 2062 1039 2101 Fita
1075 2062 1218 2113 misso;
1259 2066 1373 2102 Aem.
1406 2065 1563 2103 Morera
1592 2064 1661 2103 bol.
1689 2065 1734 2103 de
1760 2065 1799 2104 la
1824 2064 1944 2104 Acad.
1979 2066 2155 2105 XXVIII

413 2131 519 2168 1896
550 2144 589 2181 p.
624 2131 717 2170 532.

464 2201 591 2250 Supra
620 2199 724 2238 nihil
751 2199 908 2239 videtur
929 2201 1077 2253 deesse,
1111 2214 1202 2240 nam
1223 2215 1358 2252 margo
1384 2203 1543 2241 tabulae
1564 2202 1780 2253 inscriptae
1801 2203 1983 2255 superior
2003 2218 2025 2243 a
2043 2210 2154 2255 parte

407 2268 545 2306 dextra
583 2274 762 2307 servatus
800 2273 872 2307 est.
941 2270 1079 2308 Lectio
1118 2275 1222 2309 certa
1262 2276 1332 2310 est.
1403 2273 1495 2311 V.1
1531 2271 1585 2310 in.
1623 2271 1777 2311 litterae
1817 2273 1919 2312 duae
1961 2274 2025 2312 vel
2061 2278 2152 2326 tres,

405 2351 440 2376 v.
471 2338 494 2375 2
527 2337 582 2376 in.
622 2351 704 2375 una
737 2338 800 2375 vel
841 2339 959 2390 duae,
1005 2352 1041 2378 v.
1080 2340 1102 2377 3
1135 2339 1190 2378 in.
1240 2339 1372 2378 littera
1422 2340 1692 2390 praenominis
1732 2340 1946 2392 singularis
1992 2342 2152 2382 excidit.

404 2408 563 2444 Nomen
600 2406 667 2445 dei
704 2405 906 2458 peregrini
936 2437 945 2446 .
970 2436 979 2446 .
1005 2437 1013 2445 .
1037 2407 1219 2446 okunoubi
1245 2438 1253 2446 .
1279 2439 1287 2447 .
1313 2422 1352 2446 eo
1390 2409 1551 2448 aliunde
1586 2423 1669 2448 non
1706 2410 1794 2448 noti
1834 2415 1940 2450 certo
1978 2412 2156 2462 suppleri

405 2475 564 2525 nequit3
596 2489 688 2514 nam
717 2476 782 2514 vix
812 2480 910 2526 puto
941 2477 1155 2527 legendum
1186 2490 1272 2516 esse
1304 2507 1312 2516 .
1338 2508 1346 2516 .
1371 2508 1378 2516 .
1403 2478 1585 2518 ohuneubi
1611 2476 1706 2532 [d]eo
1735 2493 1798 2518 sae
1821 2476 1909 2534 (wm)
1941 2477 2152 2534 Auq(usto),

405 2558 476 2594 pro
518 2558 596 2594 quo
635 2549 890 2595 expectamus
928 2546 1062 2596 potius
1099 2547 1164 2584 deo
1201 2546 1372 2598 Auqusto
1408 2561 1556 2587 sacrum
1591 2549 1654 2586 vel
1689 2562 1837 2587 sacrum
1873 2549 1939 2587 deo
1969 2549 2149 2601 Auqusto.

404 2615 562 2652 Nomen
578 2613 643 2652 dei
662 2613 917 2664 peregrinum
931 2615 1106 2665 primum
1120 2617 1196 2654 hoc
1212 2617 1432 2654 Tarracone
1453 2616 1610 2666 prodiit.
1642 2618 1815 2667 Reliqua
1830 2617 1948 2657 facile
1964 2619 2153 2670 supplen-

404 2687 469 2721 tur
488 2696 617 2732 neque
637 2683 762 2721 ullam
782 2683 1056 2722 difficultatem
1076 2685 1278 2735 praebent.
1327 2685 1510 2724 Beronioe
1529 2699 1600 2736 pro
1624 2686 1800 2725 Berenice
1819 2688 1947 2726 forma
1965 2692 2060 2727 nota
2080 2693 2150 2727 est.

405 2793 491 2839 201
530 2800 812 2849 Fragmentum
849 2800 1017 2839 tabellae
1054 2800 1234 2851 lapideae
1274 2815 1437 2854 parvae,
1476 2815 1557 2852 rep.
1591 2815 1622 2841 c.
1655 2816 1688 2841 a.
1726 2804 1832 2841 1875
1865 2816 1910 2841 en
1938 2803 1973 2842 el
1998 2803 2153 2842 termino

462 2867 506 2905 de
536 2867 698 2921 Morell,
730 2868 773 2907 in
802 2869 964 2919 praedio
994 2869 1235 2908 marchionis
1266 2871 1315 2908 de
1344 2870 1544 2909 Montoliu
1573 2870 1677 2910 inter
1707 2871 1853 2911 Moron
1879 2876 1920 2911 et
1958 2871 2153 2923 Wlalonqa

463 2938 594 2991 situm,
625 2952 748 2989 prope
779 2939 1001 2978 aediculam
1029 2939 1074 2977 de
1101 2939 1151 2978 N
1152 2937 1174 2960 α
1194 2937 1249 2977 Sa
1269 2940 1330 2977 del
1353 2940 1533 2990 Rosariffi
1572 2942 1791 2980 Tarracone
1821 2945 1950 2981 servat
1978 2941 2151 2980 marchio

462 3009 511 3046 de
539 3007 753 3047 Montoliu.
815 3009 955 3048 Altum
986 3013 1046 3048 est
1074 3022 1126 3048 m.
1161 3010 1269 3060 o.20,
1308 3009 1435 3048 latum
1467 3011 1576 3062 0.25,
1615 3010 1759 3050 litteris
1790 3024 1889 3051 saec.
1921 3012 1961 3050 Π
1988 3011 2051 3051 vel
2080 3012 2151 3064 III,

462 3076 553 3115 altis
581 3089 634 3117 m.
668 3079 804 3116 0.019.

1113 3161 1184 3188 vict
1220 3158 1447 3186 DRINA-LIB

1113 3231 1159 3257 dis
1175 3237 1222 3256 ma
1241 3229 1444 3256 NIBVSPA

2191 3744 2216 3796 ὤὲ
2195 3721 2216 3735 9
2206 3688 2216 3713 <„—.
2214 3671 2216 3673 .
2188 3572 2208 3603 t:
