2216 3796
397 355 495 402 384
1168 365 1370 397 BAETICA

395 491 599 542 Descripsi
637 505 685 529 ex
724 495 862 541 ectypo
899 503 922 528 a
959 489 1046 528 Fita
1085 488 1226 540 misso,
1269 489 1338 538 qui
1374 489 1434 527 ed.
1467 487 1535 526 bol.
1569 488 1612 526 de
1648 488 1686 526 la
1723 487 1846 526 Aead.
1879 488 1999 527 XXII
2031 487 2138 526 1893
2162 522 2169 531 ,Δ

425 591 434 600 .
470 562 566 599 382.

395 575 421 612 p
451 631 544 668 Non
578 628 767 678 intellego
806 627 902 678 quid
941 627 1084 679 subsit,
1126 626 1205 665 nisi
1243 625 1320 665 fuit
1354 627 1411 664 rei
1438 622 1639 679 p(ub2i0ae)
1676 622 1825 679 I(uliae)
1867 622 2140 679 [Qoncordiad

395 694 719 749 Nertobriyensis}
780 698 840 735 De
871 694 979 748 [Duc]
988 695 1060 735 reti
1093 693 1277 748 T[lzrepti]
1323 695 1511 746 cogitavit
1548 695 1659 747 Fita,
1700 695 1833 734 minus
1870 694 2139 744 probabiliter.
2166 716 2169 723 ι

396 819 453 863 87
492 823 627 862 Valera
657 823 695 861 la
723 823 835 874 viqja,
868 823 1133 872 fragmentum
1162 835 1243 873 rep.
1277 834 1366 860 cum
1395 819 1742 873 praecedentibus,
1780 820 1971 871 scriptum
1997 819 2142 860 litteris

455 891 720 941 elegantibus.

1249 967 1297 993 ΑΕ

1267 1041 1285 1062 ὕ

397 1143 601 1194 Descripsi
641 1157 688 1182 ex
731 1147 869 1194 ectypo
910 1156 932 1181 a
970 1143 1059 1182 Fita
1097 1143 1238 1195 misso,
1279 1143 1349 1192 qui
1386 1145 1444 1182 ed.
1478 1144 1547 1181 bol.
1580 1144 1624 1181 de
1660 1143 1698 1180 Za
1728 1142 1849 1182 Acad.
1881 1143 1999 1183 XXII
2033 1144 2139 1182 1893
2175 1168 2183 1179 2

397 1226 436 1263 p.
471 1214 565 1252 382.

454 1284 547 1320 Non
577 1281 798 1331 pertinebat
829 1283 879 1320 ad
907 1281 1070 1320 titulum
1100 1281 1315 1320 sacerdotis
1346 1282 1458 1320 divae
1486 1284 1690 1331 Augustae
1722 1294 1842 1332 supra
1870 1294 1909 1320 n.
1944 1282 2017 1333 83,
2050 1294 2142 1320 nam
2174 1325 2176 1333 Α

396 1350 617 1389 litterarum
648 1352 797 1389 formae
829 1356 867 1389 et
895 1350 999 1401 lapis
1030 1350 1232 1390 differunt.

398 1473 455 1517 88
495 1477 632 1516 Valera
663 1479 699 1516 la
727 1478 834 1529 viqja,
867 1477 911 1514 in
941 1478 1086 1527 angulo
1118 1478 1277 1516 aedium
1306 1477 1577 1515 Emmanuelis
1607 1478 1800 1516 Ledesma
1834 1474 1942 1530 (ealle
1971 1478 2014 1516 de
2042 1478 2144 1516 Bas-⁶

457 1546 605 1585 timente
641 1561 677 1585 n.
712 1544 751 1598 8)
791 1547 834 1584 in
870 1547 957 1584 loco
995 1547 1075 1585 alto
1115 1561 1138 1584 a
1178 1547 1263 1585 solo
1301 1560 1352 1586 m.
1388 1547 1430 1597 8,
1483 1547 1590 1584 unde
1631 1559 1838 1585 mensurae
1877 1545 2024 1597 lapidis
2062 1559 2144 1584 non

458 1614 694 1654 indicantur.

1077 1685 1097 1711 F
1119 1686 1143 1711 R
1164 1685 1191 1711 V
1213 1683 1237 1711 C
1258 1684 1282 1710 T
1304 1684 1331 1711 V
1352 1683 1381 1711 Ο
1402 1684 1420 1711 S
1442 1686 1467 1710 A

1078 1753 1471 1780 le·ANN·x11

1076 1821 1467 1849 H·s·E·S·T·

401 2027 490 2067 Fita
521 2028 588 2066 bol.
621 2028 665 2066 cle
695 2029 731 2067 Za
761 2027 881 2066 Aead.
915 2029 1053 2068 XXIV
1086 2030 1193 2068 1894
1225 2043 1262 2080 p.
1297 2030 1349 2068 28
1383 2043 1431 2067 ex
1463 2033 1600 2079 ectypo
1631 2028 1753 2068 misso
1784 2043 1807 2068 a
1835 2029 1959 2068 Paulo
1988 2030 2147 2068 Emma-

401 2097 519 2135 nuele
551 2097 749 2148 Guijarm,
783 2098 853 2147 qui
884 2102 1000 2137 antea
1031 2098 1207 2137 ediderat
1237 2111 1319 2137 non
1347 2099 1508 2148 plenam
1537 2097 1685 2136 ibidem
1715 2099 1833 2137 XXII
1857 2099 1964 2138 1893
1986 2112 2024 2149 p.
2049 2100 2142 2136 477.

401 2167 596 2217 Ectypum
625 2179 707 2207 non
736 2165 830 2205 vidi.

462 2235 591 2273 Cosiae
619 2233 852 2288 vernacuffla)
882 2237 1001 2275 verba
1030 2241 1169 2287 postea
1204 2236 1337 2275 addita
1374 2240 1467 2274 sunt
1501 2235 1644 2274 litteris
1680 2235 1918 2288 minoribus,
1958 2240 2005 2274 ut
2042 2235 2147 2274 indi-

404 2309 549 2356 carent,
580 2309 688 2356 puto,
722 2307 982 2344 Fructuosam
1013 2305 1152 2344 Cosiae
1183 2305 1352 2344 alicuius
1382 2306 1632 2344 vernaculam
1663 2305 1798 2344 fuisse.

740 2526 807 2563 VI.
871 2526 1069 2563 OPPIDA
1099 2527 1407 2565 BAETVRIAE
1437 2527 1610 2564 VARIA
1638 2539 1677 2576 p.
1713 2526 1807 2564 835.

404 2641 442 2665 n.
478 2628 558 2665 983
590 2628 697 2666 Infra
726 2640 765 2665 n.
802 2628 866 2665 89.
1035 2629 1116 2667 984
1148 2628 1236 2667 Fita
1266 2627 1336 2667 bol.
1368 2629 1412 2666 de
1442 2629 1480 2668 la
1510 2629 1629 2667 Aead.
1662 2630 1779 2668 XXV
1813 2630 1920 2668 1894
1950 2643 1988 2680 p.
2023 2619 2097 2680 47,
2122 2630 2145 2667 6
2211 2673 2213 2675 ,

462 2695 532 2744 qui
562 2709 644 2734 non
673 2695 784 2734 vidit.
905 2698 984 2736 987
1018 2697 1107 2735 Fita
1136 2711 1174 2748 p.
1208 2700 1273 2749 47,
1301 2700 1336 2735 7.
1456 2700 1536 2737 988
1569 2698 1658 2737 Fita
1686 2711 1724 2748 p.
1748 2699 1814 2750 48,
1840 2699 1876 2737 8.
1933 2699 2009 2736 Pro
2043 2698 2148 2743 Qua-
2215 2695 2216 2742 ἶ

463 2770 588 2804 ternus
628 2770 665 2804 et
706 2765 921 2804 Cincinatus
960 2766 1189 2805 nominibus
1228 2781 1250 2805 a
1287 2767 1481 2805 Roderico
1522 2769 1623 2806 Caro
1664 2767 1748 2806 sine
1788 2767 1910 2806 dubio
1948 2771 2018 2806 aut
2045 2768 2148 2806 male

461 2834 576 2873 lectis
607 2839 674 2872 aut
705 2834 867 2873 omnino
897 2834 1000 2874 fictis
1031 2835 1120 2874 Fita
1149 2835 1357 2886 proposuit
1388 2836 1590 2875 Maternus
1628 2842 1667 2875 et
1699 2836 1898 2876 Cincicmus
1934 2837 2148 2889 legendum

463 2916 560 2942 esse.
662 2903 836 2942 Nomina
892 2904 1070 2943 breviata
1125 2909 1216 2943 ante
1265 2906 1500 2955 cognomina
1549 2902 1789 2959 [Va]l(erius)
1838 2910 1878 2945 et
1923 2902 2147 2959 Mum-etius)

462 2972 564 3011 solvi
600 2985 717 3023 posse
755 2973 928 3011 adnotat.
998 2973 1207 3024 Scriptoris
1246 2975 1344 3012 fides
1381 2988 1508 3025 nuper
1548 2976 1800 3025 comprobata
1838 2978 1898 3014 est
1931 2974 2048 3014 titulo
2078 2974 2148 3013 illo

463 3055 581 3092 supra
616 3055 654 3080 n.
689 3042 740 3079 80
762 3042 911 3080 >denuo
947 3043 1124 3092 detect03
1162 3047 1294 3081 tamen
1331 3045 1378 3082 de
1414 3045 1490 3082 hoc
1530 3043 1648 3082 titulo
1687 3045 1866 3083 nondum
1901 3044 2055 3083 sublata
2090 3048 2150 3082 est

464 3113 593 3152 omnis
623 3113 775 3152 fraudis
806 3113 991 3164 suspicio.
1131 3116 1210 3153 989
1244 3115 1478 3153 Salvatierra
1506 3116 1550 3154 de
1579 3116 1633 3153 los
1663 3117 1821 3168 Barros,
1851 3116 1989 3165 leugas
2018 3120 2097 3154 tres
2127 3129 2150 3153 a

465 3182 572 3220 Jerez
613 3183 657 3220 de
696 3183 751 3220 los
783 3182 999 3221 cabaneros
1028 3197 1166 3222 versus
1197 3184 1504 3234 septentriones3
1548 3189 1656 3223 extat
1684 3185 1727 3222 in
1757 3184 1921 3223 aedibus
1950 3184 2166 3223 Francisci

462 3252 592 3289 Perez.
656 3254 782 3301 Supra
811 3252 1046 3303 inscriptum
1077 3258 1136 3291 est
1165 3253 1318 3304 antiqua
1348 3253 1477 3304 ldpida
1506 3253 1718 3292 oscurecida
1748 3267 1791 3292 en
1812 3255 1923 3293 1664
1940 3267 1968 3310 y
1996 3253 2150 3292 hallada
2208 3246 2211 3247 ⁷

465 3334 508 3358 en
537 3325 614 3358 esta
644 3334 730 3359 casm
760 3335 804 3358 en
835 3323 957 3361 1879.
999 3321 1118 3372 Lapis
1149 3323 1253 3360 altus
1283 3327 1342 3360 est
1371 3335 1421 3360 m.
1447 3324 1556 3374 2.90,
1588 3324 1692 3360 latus
1724 3324 1832 3373 0.34‚
1864 3322 2018 3361 litterae
2049 3324 2148 3361 altae

464 3402 514 3426 m.
550 3392 658 3440 0.05‚
692 3391 840 3428 saeculi
869 3392 888 3428 I
918 3390 1113 3441 exeuntis,
1145 3393 1191 3429 ut
1220 3391 1329 3429 Fitae
1359 3392 1466 3429 visae
1488 3396 1591 3430 sunt.
1643 3393 1690 3430 V.
1721 3394 1737 3428 1
1764 3398 1802 3429 et
1825 3394 1847 3429 5
1870 3397 1966 3430 extr.
1990 3409 2008 3430 α
2028 3396 2146 3430 extat.

464 3457 553 3495 Fita
590 3457 659 3496 bol.
694 3460 738 3496 de
776 3460 814 3497 za
853 3459 971 3497 Aead.
1005 3461 1141 3499 XXVI
1178 3462 1281 3499 1895
1321 3474 1358 3510 p.
1396 3463 1446 3498 74
1487 3474 1535 3498 ex
1575 3465 1713 3510 ectypo
1752 3461 1800 3498 ab
1839 3461 1968 3510 Eligio
2004 3454 2169 3499 Mundi·
2200 3451 2205 3454 ’
