<?xml version="1.0" encoding="UTF-8"?>
<!DOCTYPE html PUBLIC "-//W3C//DTD XHTML 1.0 Transitional//EN"
    "http://www.w3.org/TR/xhtml1/DTD/xhtml1-transitional.dtd">
<html xmlns="http://www.w3.org/1999/xhtml" xml:lang="en" lang="en">
 <head>
  <title>
</title>
<meta http-equiv="Content-Type" content="text/html;charset=utf-8" />
  <meta name='ocr-system' content='tesseract 3.04.00' />
  <meta name='ocr-capabilities' content='ocr_page ocr_carea ocr_par ocr_line ocrx_word'/>
</head>
<body>
  <div class='ocr_page' id='page_1' title='image "./ephemerisepigrap08deutuoft_0304.png"; bbox 0 0 2216 3796; ppageno 0'>
   <div class='ocr_carea' id='block_1_1' title="bbox 387 295 1329 340">
    <p class='ocr_par' dir='ltr' id='par_1_1' title="bbox 387 295 1329 340">
     <span class='ocr_line' id='line_1_1' title="bbox 387 295 1329 340; baseline -0.005 0"><span class='ocrx_word' id='word_1_1' title='bbox 387 295 481 340; x_wconf 88' lang='grc'><strong>296</strong></span> <span class='ocrx_word' id='word_1_2' title='bbox 1200 303 1329 336; x_wconf 82' lang='lat' dir='ltr'>ACTA</span> 
     </span>
    </p>
   </div>
   <div class='ocr_carea' id='block_1_2' title="bbox 2082 0 2216 494">
    <p class='ocr_par' dir='ltr' id='par_1_2' title="bbox 2082 0 2216 494">
     <span class='ocr_line' id='line_1_2' title="bbox 2082 0 2216 494; baseline 0.358 -43"><span class='ocrx_word' id='word_1_3' title='bbox 2082 0 2216 494; x_wconf 95' lang='lat' dir='ltr'><strong>   </strong></span> 
     </span>
    </p>
   </div>
   <div class='ocr_carea' id='block_1_3' title="bbox 383 407 2193 1345">
    <p class='ocr_par' dir='ltr' id='par_1_3' title="bbox 383 407 2178 1063">
     <span class='ocr_line' id='line_1_3' title="bbox 384 407 2155 468; baseline -0.002 -11"><span class='ocrx_word' id='word_1_4' title='bbox 384 422 545 458; x_wconf 81' lang='lat' dir='ltr'><strong>alterum</strong></span> <span class='ocrx_word' id='word_1_5' title='bbox 578 420 624 457; x_wconf 91' lang='lat' dir='ltr'><strong>de</strong></span> <span class='ocrx_word' id='word_1_6' title='bbox 646 417 866 468; x_wconf 78' lang='lat' dir='ltr'><strong>Cyzicenis,</strong></span> <span class='ocrx_word' id='word_1_7' title='bbox 897 418 1041 467; x_wconf 84' lang='lat' dir='ltr'>quippe</span> <span class='ocrx_word' id='word_1_8' title='bbox 1069 418 1108 455; x_wconf 89' lang='lat' dir='ltr'><strong>in</strong></span> <span class='ocrx_word' id='word_1_9' title='bbox 1139 429 1219 467; x_wconf 89' lang='lat' dir='ltr'><strong>quo</strong></span> <span class='ocrx_word' id='word_1_10' title='bbox 1249 425 1337 468; x_wconf 89' lang='lat' dir='ltr'><strong>post</strong></span> <span class='ocrx_word' id='word_1_11' title='bbox 1366 423 1489 454; x_wconf 87' lang='lat' dir='ltr'><strong>testes</strong></span> <span class='ocrx_word' id='word_1_12' title='bbox 1519 422 1721 466; x_wconf 76' lang='lat' dir='ltr'><strong>pergaturt</strong></span> <span class='ocrx_word' id='word_1_13' title='bbox 1751 419 1930 454; x_wconf 76' lang='lat' dir='ltr'><strong>sententia</strong></span> <span class='ocrx_word' id='word_1_14' title='bbox 1959 417 2063 455; x_wconf 73' lang='lat' dir='ltr'><strong>dicta</strong></span> <span class='ocrx_word' id='word_1_15' title='bbox 2089 407 2155 454; x_wconf 66' lang='lat' dir='ltr'><strong>ab&#39;</strong></span> 
     </span>
     <span class='ocr_line' id='line_1_4' title="bbox 388 483 2167 537; baseline -0.001 -12"><span class='ocrx_word' id='word_1_16' title='bbox 388 491 513 537; x_wconf 75' lang='lat' dir='ltr'><strong>Appio</strong></span> <span class='ocrx_word' id='word_1_17' title='bbox 539 486 654 525; x_wconf 79' lang='lat' dir='ltr'><strong>Gallo</strong></span> <span class='ocrx_word' id='word_1_18' title='bbox 677 498 750 522; x_wconf 76' lang='lat' dir='ltr'><strong>cos.</strong></span> <span class='ocrx_word' id='word_1_19' title='bbox 773 486 863 530; x_wconf 68' lang='lat' dir='ltr'><strong>dea,</strong></span> <span class='ocrx_word' id='word_1_20' title='bbox 894 497 1008 534; x_wconf 89' lang='lat' dir='ltr'><strong>quam</strong></span> <span class='ocrx_word' id='word_1_21' title='bbox 1033 485 1245 522; x_wconf 84' lang='lat' dir='ltr'><strong>verisimile</strong></span> <span class='ocrx_word' id='word_1_22' title='bbox 1273 492 1333 523; x_wconf 91' lang='lat' dir='ltr'><strong>est</strong></span> <span class='ocrx_word' id='word_1_23' title='bbox 1362 484 1469 534; x_wconf 89' lang='lat' dir='ltr'><strong>(nam</strong></span> <span class='ocrx_word' id='word_1_24' title='bbox 1502 484 1704 533; x_wconf 83' lang='lat' dir='ltr'><strong>sequentia</strong></span> <span class='ocrx_word' id='word_1_25' title='bbox 1733 483 2024 535; x_wconf 77' lang='lat' dir='ltr'>desiderantur)</span> <span class='ocrx_word' id='word_1_26' title='bbox 2054 497 2138 533; x_wconf 85' lang='lat' dir='ltr'><strong>per·</strong></span> <span class='ocrx_word' id='word_1_27' title='bbox 2163 498 2167 500; x_wconf 87' lang='grc'><em>·</em></span> 
     </span>
     <span class='ocr_line' id='line_1_5' title="bbox 384 547 2173 605; baseline -0.001 -13"><span class='ocrx_word' id='word_1_28' title='bbox 384 547 568 603; x_wconf 77' lang='lat' dir='ltr'><strong>scriptam</strong></span> <span class='ocrx_word' id='word_1_29' title='bbox 605 553 729 590; x_wconf 86' lang='lat' dir='ltr'><strong>fuisse</strong></span> <span class='ocrx_word' id='word_1_30' title='bbox 761 553 890 590; x_wconf 87' lang='lat' dir='ltr'><strong>verbis</strong></span> <span class='ocrx_word' id='word_1_31' title='bbox 927 552 1103 600; x_wconf 88' lang='lat' dir='ltr'><strong>directis,</strong></span> <span class='ocrx_word' id='word_1_32' title='bbox 1140 553 1242 590; x_wconf 90' lang='lat' dir='ltr'><strong>sicut</strong></span> <span class='ocrx_word' id='word_1_33' title='bbox 1277 552 1493 603; x_wconf 87' lang='lat' dir='ltr'><strong>perscripta</strong></span> <span class='ocrx_word' id='word_1_34' title='bbox 1528 558 1631 588; x_wconf 83' lang='lat' dir='ltr'><strong>certe</strong></span> <span class='ocrx_word' id='word_1_35' title='bbox 1667 557 1729 588; x_wconf 90' lang='lat' dir='ltr'><strong>est</strong></span> <span class='ocrx_word' id='word_1_36' title='bbox 1761 552 1800 588; x_wconf 93' lang='lat' dir='ltr'><strong>in</strong></span> <span class='ocrx_word' id='word_1_37' title='bbox 1830 551 2029 590; x_wconf 74' lang='lat' dir='ltr'><strong>Italicensi</strong></span> <span class='ocrx_word' id='word_1_38' title='bbox 2060 564 2137 590; x_wconf 90' lang='lat' dir='ltr'><strong>non</strong></span> <span class='ocrx_word' id='word_1_39' title='bbox 2171 598 2173 605; x_wconf 26' lang='grc' dir='ltr'><strong>ἓ</strong></span> 
     </span>
     <span class='ocr_line' id='line_1_6' title="bbox 385 606 2178 670; baseline -0.001 -12"><span class='ocrx_word' id='word_1_40' title='bbox 385 622 538 658; x_wconf 80' lang='lat' dir='ltr'><strong>habenti</strong></span> <span class='ocrx_word' id='word_1_41' title='bbox 571 621 643 658; x_wconf 89' lang='lat' dir='ltr'><strong>nisi</strong></span> <span class='ocrx_word' id='word_1_42' title='bbox 675 630 825 670; x_wconf 88' lang='lat' dir='ltr'><strong>partem</strong></span> <span class='ocrx_word' id='word_1_43' title='bbox 858 620 1084 657; x_wconf 86' lang='lat' dir='ltr'><strong>sententiae.</strong></span> <span class='ocrx_word' id='word_1_44' title='bbox 1135 618 1269 658; x_wconf 89' lang='lat' dir='ltr'><strong>Solam</strong></span> <span class='ocrx_word' id='word_1_45' title='bbox 1301 620 1546 666; x_wconf 82' lang='lat' dir='ltr'><strong>sententiam,</strong></span> <span class='ocrx_word' id='word_1_46' title='bbox 1577 631 1664 656; x_wconf 90' lang='lat' dir='ltr'><strong>eam</strong></span> <span class='ocrx_word' id='word_1_47' title='bbox 1691 618 1853 667; x_wconf 86' lang='lat' dir='ltr'><strong>scilicet,</strong></span> <span class='ocrx_word' id='word_1_48' title='bbox 1883 630 2000 668; x_wconf 79' lang='lat' dir='ltr'><strong>quam</strong></span> <span class='ocrx_word' id='word_1_49' title='bbox 2029 631 2139 657; x_wconf 89' lang='lat' dir='ltr'><strong>sena·</strong></span> <span class='ocrx_word' id='word_1_50' title='bbox 2168 606 2178 667; x_wconf 10' lang='grc' dir='ltr'><strong>γ’</strong></span> 
     </span>
     <span class='ocr_line' id='line_1_7' title="bbox 384 682 2176 736; baseline -0.002 -10"><span class='ocrx_word' id='word_1_51' title='bbox 384 697 445 726; x_wconf 82' lang='lat' dir='ltr'><strong>tus</strong></span> <span class='ocrx_word' id='word_1_52' title='bbox 483 694 635 725; x_wconf 88' lang='lat' dir='ltr'><strong>secutus</strong></span> <span class='ocrx_word' id='word_1_53' title='bbox 666 695 736 730; x_wconf 80' lang='lat' dir='ltr'><strong>est,</strong></span> <span class='ocrx_word' id='word_1_54' title='bbox 766 687 901 725; x_wconf 84' lang='lat' dir='ltr'><strong>referri</strong></span> <span class='ocrx_word' id='word_1_55' title='bbox 933 687 1023 725; x_wconf 92' lang='lat' dir='ltr'><strong>inde</strong></span> <span class='ocrx_word' id='word_1_56' title='bbox 1051 688 1316 728; x_wconf 80' lang='lat' dir='ltr'><strong>confirmatur,</strong></span> <span class='ocrx_word' id='word_1_57' title='bbox 1352 687 1455 736; x_wconf 90' lang='lat' dir='ltr'><strong>quod</strong></span> <span class='ocrx_word' id='word_1_58' title='bbox 1486 687 1586 723; x_wconf 86' lang='lat' dir='ltr'><strong>inter</strong></span> <span class='ocrx_word' id='word_1_59' title='bbox 1615 698 1657 723; x_wconf 91' lang='lat' dir='ltr'><strong>se</strong></span> <span class='ocrx_word' id='word_1_60' title='bbox 1687 686 1927 734; x_wconf 83' lang='lat' dir='ltr'><strong>respondent</strong></span> <span class='ocrx_word' id='word_1_61' title='bbox 1954 686 2030 725; x_wconf 82' lang='lat' dir='ltr'><strong>loci</strong></span> <span class='ocrx_word' id='word_1_62' title='bbox 2059 686 2139 724; x_wconf 84' lang='lat' dir='ltr'><strong>duo</strong></span> <span class='ocrx_word' id='word_1_63' title='bbox 2174 682 2176 686; x_wconf 48' lang='lat'><strong>⁴</strong></span> 
     </span>
     <span class='ocr_line' id='line_1_8' title="bbox 383 753 2140 805; baseline 0 -13"><span class='ocrx_word' id='word_1_64' title='bbox 383 757 430 793; x_wconf 89' lang='lat' dir='ltr'><strong>de</strong></span> <span class='ocrx_word' id='word_1_65' title='bbox 456 756 564 792; x_wconf 87' lang='lat' dir='ltr'><strong>feriis</strong></span> <span class='ocrx_word' id='word_1_66' title='bbox 591 755 796 792; x_wconf 76' lang='lat' dir='ltr'><strong>servandis</strong></span> <span class='ocrx_word' id='word_1_67' title='bbox 823 755 1129 805; x_wconf 82' lang='lat' dir='ltr'><strong>nominibusque</strong></span> <span class='ocrx_word' id='word_1_68' title='bbox 1155 767 1309 793; x_wconf 89' lang='lat' dir='ltr'><strong>reorum</strong></span> <span class='ocrx_word' id='word_1_69' title='bbox 1337 754 1556 799; x_wconf 80' lang='lat' dir='ltr'><strong>abolendis,</strong></span> <span class='ocrx_word' id='word_1_70' title='bbox 1589 753 1696 802; x_wconf 89' lang='lat' dir='ltr'><strong>prior</strong></span> <span class='ocrx_word' id='word_1_71' title='bbox 1720 753 1752 800; x_wconf 99' lang='grc' dir='ltr'><strong>Ι,</strong></span> <span class='ocrx_word' id='word_1_72' title='bbox 1775 753 1838 791; x_wconf 91' lang='grc'><strong>29.</strong></span> <span class='ocrx_word' id='word_1_73' title='bbox 1861 753 1914 791; x_wconf 89' lang='grc'><strong>30</strong></span> <span class='ocrx_word' id='word_1_74' title='bbox 1939 754 2140 804; x_wconf 78' lang='lat' dir='ltr'><strong>pertinens</strong></span> 
     </span>
     <span class='ocr_line' id='line_1_9' title="bbox 383 820 2138 871; baseline -0.001 -11"><span class='ocrx_word' id='word_1_75' title='bbox 383 824 430 860; x_wconf 88' lang='lat' dir='ltr'><strong>ad</strong></span> <span class='ocrx_word' id='word_1_76' title='bbox 461 835 668 860; x_wconf 85' lang='lat' dir='ltr'><strong>causarum</strong></span> <span class='ocrx_word' id='word_1_77' title='bbox 700 822 990 871; x_wconf 86' lang='lat' dir='ltr'><strong>expositionem</strong></span> <span class='ocrx_word' id='word_1_78' title='bbox 1022 822 1122 871; x_wconf 82' lang='lat' dir='ltr'><strong>(cum</strong></span> <span class='ocrx_word' id='word_1_79' title='bbox 1151 835 1210 861; x_wconf 82' lang='lat' dir='ltr'><strong>res</strong></span> <span class='ocrx_word' id='word_1_80' title='bbox 1239 825 1294 860; x_wconf 78' lang='lat' dir='ltr'><strong>ita</strong></span> <span class='ocrx_word' id='word_1_81' title='bbox 1322 834 1361 860; x_wconf 79' lang='lat' dir='ltr'><strong>se</strong></span> <span class='ocrx_word' id='word_1_82' title='bbox 1391 821 1580 870; x_wconf 77' lang='lat' dir='ltr'><strong>habeam),</strong></span> <span class='ocrx_word' id='word_1_83' title='bbox 1610 821 1806 871; x_wconf 89' lang='lat' dir='ltr'><strong>posterior</strong></span> <span class='ocrx_word' id='word_1_84' title='bbox 1833 821 1864 866; x_wconf 84' lang='grc' dir='ltr'><strong>Ι,</strong></span> <span class='ocrx_word' id='word_1_85' title='bbox 1885 820 2061 859; x_wconf 84' lang='grc'><strong>44--46</strong></span> <span class='ocrx_word' id='word_1_86' title='bbox 2090 821 2138 858; x_wconf 83' lang='lat' dir='ltr'><strong>ad</strong></span> 
     </span>
     <span class='ocr_line' id='line_1_10' title="bbox 383 889 2141 939; baseline 0 -13"><span class='ocrx_word' id='word_1_87' title='bbox 383 891 527 927; x_wconf 81' lang='lat' dir='ltr'><strong>decreti</strong></span> <span class='ocrx_word' id='word_1_88' title='bbox 560 890 862 939; x_wconf 81' lang='lat' dir='ltr'><strong>postulationem</strong></span> <span class='ocrx_word' id='word_1_89' title='bbox 894 889 948 939; x_wconf 88' lang='lat' dir='ltr'><strong>(v.</strong></span> <span class='ocrx_word' id='word_1_90' title='bbox 967 890 1016 928; x_wconf 85' lang='lat'><strong>47</strong></span> <span class='ocrx_word' id='word_1_91' title='bbox 1040 890 1199 939; x_wconf 80' lang='lat' dir='ltr'><strong>censeo),</strong></span> <span class='ocrx_word' id='word_1_92' title='bbox 1229 902 1397 939; x_wconf 88' lang='lat' dir='ltr'><strong>quorum</strong></span> <span class='ocrx_word' id='word_1_93' title='bbox 1428 902 1514 926; x_wconf 92' lang='lat' dir='ltr'><strong>cum</strong></span> <span class='ocrx_word' id='word_1_94' title='bbox 1546 889 1654 938; x_wconf 90' lang='lat' dir='ltr'><strong>prior</strong></span> <span class='ocrx_word' id='word_1_95' title='bbox 1683 889 1722 926; x_wconf 92' lang='lat' dir='ltr'><strong>in</strong></span> <span class='ocrx_word' id='word_1_96' title='bbox 1749 889 1898 939; x_wconf 83' lang='lat' dir='ltr'><strong>primae</strong></span> <span class='ocrx_word' id='word_1_97' title='bbox 1925 889 2141 926; x_wconf 82' lang='lat' dir='ltr'><strong>sententiae</strong></span> 
     </span>
     <span class='ocr_line' id='line_1_11' title="bbox 385 956 2142 1007; baseline -0.001 -13"><span class='ocrx_word' id='word_1_98' title='bbox 385 958 575 1007; x_wconf 89' lang='lat' dir='ltr'><strong>principio</strong></span> <span class='ocrx_word' id='word_1_99' title='bbox 615 958 765 1006; x_wconf 87' lang='lat' dir='ltr'><strong>positus</strong></span> <span class='ocrx_word' id='word_1_100' title='bbox 802 958 871 1005; x_wconf 91' lang='lat' dir='ltr'><strong>sit,</strong></span> <span class='ocrx_word' id='word_1_101' title='bbox 908 958 1102 995; x_wconf 90' lang='lat' dir='ltr'><strong>secundus</strong></span> <span class='ocrx_word' id='word_1_102' title='bbox 1134 964 1349 995; x_wconf 83' lang='lat' dir='ltr'><strong>extremum</strong></span> <span class='ocrx_word' id='word_1_103' title='bbox 1378 957 1459 995; x_wconf 86' lang='lat' dir='ltr'><strong>fere</strong></span> <span class='ocrx_word' id='word_1_104' title='bbox 1490 957 1617 994; x_wconf 92' lang='lat' dir='ltr'><strong>locum</strong></span> <span class='ocrx_word' id='word_1_105' title='bbox 1648 957 1689 993; x_wconf 93' lang='lat' dir='ltr'><strong>in</strong></span> <span class='ocrx_word' id='word_1_106' title='bbox 1723 956 1860 994; x_wconf 88' lang='lat' dir='ltr'><strong>eadem</strong></span> <span class='ocrx_word' id='word_1_107' title='bbox 1890 962 2040 1001; x_wconf 83' lang='lat' dir='ltr'><strong>teneat,</strong></span> <span class='ocrx_word' id='word_1_108' title='bbox 2074 956 2142 993; x_wconf 82' lang='lat' dir='ltr'><strong>ad-</strong></span> 
     </span>
     <span class='ocr_line' id='line_1_12' title="bbox 384 1015 1554 1063; baseline 0 -2"><span class='ocrx_word' id='word_1_109' title='bbox 384 1026 514 1062; x_wconf 82' lang='lat' dir='ltr'><strong>sensui</strong></span> <span class='ocrx_word' id='word_1_110' title='bbox 548 1015 765 1062; x_wconf 85' lang='lat' dir='ltr'><strong>ceterorum</strong></span> <span class='ocrx_word' id='word_1_111' title='bbox 797 1025 1036 1063; x_wconf 90' lang='lat' dir='ltr'><strong>enuntiando</strong></span> <span class='ocrx_word' id='word_1_112' title='bbox 1067 1026 1177 1063; x_wconf 90' lang='lat' dir='ltr'><strong>locus</strong></span> <span class='ocrx_word' id='word_1_113' title='bbox 1207 1025 1337 1063; x_wconf 89' lang='lat' dir='ltr'><strong>nullus</strong></span> <span class='ocrx_word' id='word_1_114' title='bbox 1367 1030 1554 1062; x_wconf 82' lang='lat' dir='ltr'><strong>remanet.</strong></span> 
     </span>
    </p>

    <p class='ocr_par' dir='ltr' id='par_1_4' title="bbox 383 1091 2193 1277">
     <span class='ocr_line' id='line_1_13' title="bbox 493 1091 2140 1143; baseline -0.001 -13"><span class='ocrx_word' id='word_1_115' title='bbox 493 1091 685 1143; x_wconf 87' lang='lat' dir='ltr'><strong>Collegiis</strong></span> <span class='ocrx_word' id='word_1_116' title='bbox 717 1092 964 1130; x_wconf 84' lang='lat' dir='ltr'><strong>sacerdotum</strong></span> <span class='ocrx_word' id='word_1_117' title='bbox 996 1094 1059 1130; x_wconf 90' lang='lat' dir='ltr'><strong>ius</strong></span> <span class='ocrx_word' id='word_1_118' title='bbox 1089 1093 1214 1131; x_wconf 88' lang='lat' dir='ltr'><strong>fuisse</strong></span> <span class='ocrx_word' id='word_1_119' title='bbox 1246 1091 1450 1130; x_wconf 88' lang='lat' dir='ltr'><strong>nuntiandi</strong></span> <span class='ocrx_word' id='word_1_120' title='bbox 1480 1092 1519 1129; x_wconf 87' lang='lat' dir='ltr'><strong>in</strong></span> <span class='ocrx_word' id='word_1_121' title='bbox 1541 1098 1679 1129; x_wconf 88' lang='lat' dir='ltr'><strong>senatu</strong></span> <span class='ocrx_word' id='word_1_122' title='bbox 1700 1098 1739 1129; x_wconf 93' lang='lat' dir='ltr'><strong>et</strong></span> <span class='ocrx_word' id='word_1_123' title='bbox 1758 1091 1880 1129; x_wconf 88' lang='lat' dir='ltr'><strong>verba</strong></span> <span class='ocrx_word' id='word_1_124' title='bbox 1898 1091 1954 1128; x_wconf 87' lang='lat' dir='ltr'><strong>ibi</strong></span> <span class='ocrx_word' id='word_1_125' title='bbox 1971 1091 2140 1131; x_wconf 73' lang='lat' dir='ltr'><strong>faciendi</strong></span> 
     </span>
     <span class='ocr_line' id='line_1_14' title="bbox 383 1158 2193 1210; baseline -0.001 -13"><span class='ocrx_word' id='word_1_126' title='bbox 383 1161 475 1197; x_wconf 88' lang='lat' dir='ltr'><strong>alibi</strong></span> <span class='ocrx_word' id='word_1_127' title='bbox 508 1161 676 1209; x_wconf 87' lang='lat' dir='ltr'><strong>exposui</strong></span> <span class='ocrx_word' id='word_1_128' title='bbox 707 1159 961 1210; x_wconf 74' lang='lat' dir='ltr'><strong>(staatsrecht</strong></span> <span class='ocrx_word' id='word_1_129' title='bbox 991 1161 1028 1206; x_wconf 87' lang='lat'><strong>3,</strong></span> <span class='ocrx_word' id='word_1_130' title='bbox 1055 1161 1167 1205; x_wconf 80' lang='lat'><strong>959),</strong></span> <span class='ocrx_word' id='word_1_131' title='bbox 1224 1160 1394 1199; x_wconf 86' lang='lat' dir='ltr'><strong>Faciunt</strong></span> <span class='ocrx_word' id='word_1_132' title='bbox 1422 1159 1462 1196; x_wconf 90' lang='lat' dir='ltr'><strong>id</strong></span> <span class='ocrx_word' id='word_1_133' title='bbox 1494 1164 1644 1197; x_wconf 86' lang='lat' dir='ltr'><strong>stantes</strong></span> <span class='ocrx_word' id='word_1_134' title='bbox 1675 1165 1765 1197; x_wconf 90' lang='lat' dir='ltr'><strong>ante</strong></span> <span class='ocrx_word' id='word_1_135' title='bbox 1793 1158 1999 1197; x_wconf 72' lang='lat' dir='ltr'><strong>consulem</strong></span> <span class='ocrx_word' id='word_1_136' title='bbox 2034 1158 2078 1208; x_wconf 91' lang='lat' dir='ltr'><strong>(l.</strong></span> <span class='ocrx_word' id='word_1_137' title='bbox 2106 1171 2140 1196; x_wconf 90' lang='lat' dir='ltr'><strong>c.</strong></span> <span class='ocrx_word' id='word_1_138' title='bbox 2192 1202 2193 1206; x_wconf 13' lang='grc' dir='ltr'><strong>Ἰ</strong></span> 
     </span>
     <span class='ocr_line' id='line_1_15' title="bbox 385 1226 669 1277; baseline 0.004 -13"><span class='ocrx_word' id='word_1_139' title='bbox 385 1229 422 1273; x_wconf 86' lang='grc'><strong>3,</strong></span> <span class='ocrx_word' id='word_1_140' title='bbox 445 1227 524 1264; x_wconf 90' lang='grc'><strong>960</strong></span> <span class='ocrx_word' id='word_1_141' title='bbox 545 1240 591 1265; x_wconf 84' lang='lat' dir='ltr'><strong>n.</strong></span> <span class='ocrx_word' id='word_1_142' title='bbox 614 1226 669 1277; x_wconf 84' lang='lat'><strong>2).</strong></span> 
     </span>
    </p>

    <p class='ocr_par' dir='ltr' id='par_1_5' title="bbox 495 1293 2142 1345">
     <span class='ocr_line' id='line_1_16' title="bbox 495 1293 2142 1345; baseline 0 -13"><span class='ocrx_word' id='word_1_143' title='bbox 495 1293 735 1344; x_wconf 84' lang='lat' dir='ltr'><strong>Calpurnius</strong></span> <span class='ocrx_word' id='word_1_144' title='bbox 765 1296 983 1342; x_wconf 86' lang='lat' dir='ltr'><strong>Maximus,</strong></span> <span class='ocrx_word' id='word_1_145' title='bbox 1018 1308 1132 1345; x_wconf 91' lang='lat' dir='ltr'><strong>quem</strong></span> <span class='ocrx_word' id='word_1_146' title='bbox 1163 1300 1329 1345; x_wconf 88' lang='lat' dir='ltr'><strong>apparet</strong></span> <span class='ocrx_word' id='word_1_147' title='bbox 1357 1296 1526 1344; x_wconf 91' lang='lat' dir='ltr'><strong>primum</strong></span> <span class='ocrx_word' id='word_1_148' title='bbox 1558 1295 1788 1332; x_wconf 90' lang='lat' dir='ltr'><strong>sententiam</strong></span> <span class='ocrx_word' id='word_1_149' title='bbox 1818 1294 1990 1340; x_wconf 76' lang='lat' dir='ltr'><strong>dixisse,</strong></span> <span class='ocrx_word' id='word_1_150' title='bbox 2028 1307 2142 1344; x_wconf 86' lang='lat' dir='ltr'><strong>prae-</strong></span> 
     </span>
    </p>
   </div>
   <div class='ocr_carea' id='block_1_4' title="bbox 384 1363 2211 1480">
    <p class='ocr_par' dir='ltr' id='par_1_6' title="bbox 384 1363 2211 1480">
     <span class='ocr_line' id='line_1_17' title="bbox 384 1363 2198 1413; baseline 0.001 -14"><span class='ocrx_word' id='word_1_151' title='bbox 384 1370 489 1400; x_wconf 89' lang='lat' dir='ltr'><strong>terea</strong></span> <span class='ocrx_word' id='word_1_152' title='bbox 518 1363 660 1412; x_wconf 83' lang='lat' dir='ltr'><strong>opinor</strong></span> <span class='ocrx_word' id='word_1_153' title='bbox 688 1364 847 1413; x_wconf 84' lang='lat' dir='ltr'><strong>ignotus</strong></span> <span class='ocrx_word' id='word_1_154' title='bbox 878 1375 956 1412; x_wconf 90' lang='lat' dir='ltr'><strong>quo</strong></span> <span class='ocrx_word' id='word_1_155' title='bbox 986 1364 1069 1400; x_wconf 91' lang='lat' dir='ltr'><strong>iure</strong></span> <span class='ocrx_word' id='word_1_156' title='bbox 1099 1363 1138 1400; x_wconf 90' lang='lat' dir='ltr'><strong>id</strong></span> <span class='ocrx_word' id='word_1_157' title='bbox 1167 1363 1315 1410; x_wconf 87' lang='lat' dir='ltr'><strong>fecerit,</strong></span> <span class='ocrx_word' id='word_1_158' title='bbox 1350 1375 1400 1400; x_wconf 89' lang='lat' dir='ltr'><strong>ex</strong></span> <span class='ocrx_word' id='word_1_159' title='bbox 1429 1363 1478 1400; x_wconf 89' lang='lat' dir='ltr'><strong>iis</strong></span> <span class='ocrx_word' id='word_1_160' title='bbox 1510 1375 1610 1412; x_wconf 88' lang='lat' dir='ltr'><strong>quae</strong></span> <span class='ocrx_word' id='word_1_161' title='bbox 1640 1363 1828 1400; x_wconf 86' lang='lat' dir='ltr'><strong>habemus</strong></span> <span class='ocrx_word' id='word_1_162' title='bbox 1858 1373 1935 1400; x_wconf 92' lang='lat' dir='ltr'><strong>non</strong></span> <span class='ocrx_word' id='word_1_163' title='bbox 1965 1369 2140 1412; x_wconf 86' lang='lat' dir='ltr'><strong>apparet.</strong></span> <span class='ocrx_word' id='word_1_164' title='bbox 2195 1374 2198 1380; x_wconf 73' lang='grc'><strong>’</strong></span> 
     </span>
     <span class='ocr_line' id='line_1_18' title="bbox 386 1424 2211 1480; baseline 0.002 -14"><span class='ocrx_word' id='word_1_165' title='bbox 386 1430 610 1468; x_wconf 84' lang='lat' dir='ltr'><strong>Verisimile</strong></span> <span class='ocrx_word' id='word_1_166' title='bbox 646 1436 708 1468; x_wconf 90' lang='lat' dir='ltr'><strong>est</strong></span> <span class='ocrx_word' id='word_1_167' title='bbox 741 1443 789 1468; x_wconf 89' lang='lat' dir='ltr'><strong>ea</strong></span> <span class='ocrx_word' id='word_1_168' title='bbox 823 1436 952 1468; x_wconf 87' lang='lat' dir='ltr'><strong>aetate</strong></span> <span class='ocrx_word' id='word_1_169' title='bbox 990 1443 1039 1468; x_wconf 86' lang='lat' dir='ltr'><strong>ex</strong></span> <span class='ocrx_word' id='word_1_170' title='bbox 1075 1431 1348 1468; x_wconf 86' lang='lat' dir='ltr'><strong>consularibus</strong></span> <span class='ocrx_word' id='word_1_171' title='bbox 1387 1443 1475 1468; x_wconf 89' lang='lat' dir='ltr'><strong>eum</strong></span> <span class='ocrx_word' id='word_1_172' title='bbox 1517 1431 1680 1480; x_wconf 86' lang='lat' dir='ltr'><strong>primam</strong></span> <span class='ocrx_word' id='word_1_173' title='bbox 1719 1430 1952 1468; x_wconf 86' lang='lat' dir='ltr'><strong>sententiam</strong></span> <span class='ocrx_word' id='word_1_174' title='bbox 1989 1424 2211 1475; x_wconf 17' lang='lat' dir='ltr'><strong>dixissem,</strong></span> 
     </span>
    </p>
   </div>
   <div class='ocr_carea' id='block_1_5' title="bbox 384 1485 2204 1548">
    <p class='ocr_par' dir='ltr' id='par_1_7' title="bbox 384 1485 2204 1548">
     <span class='ocr_line' id='line_1_19' title="bbox 384 1485 2204 1548; baseline 0.001 -14"><span class='ocrx_word' id='word_1_175' title='bbox 384 1511 497 1547; x_wconf 90' lang='lat' dir='ltr'><strong>quem</strong></span> <span class='ocrx_word' id='word_1_176' title='bbox 520 1498 673 1535; x_wconf 89' lang='lat' dir='ltr'><strong>consuli</strong></span> <span class='ocrx_word' id='word_1_177' title='bbox 706 1498 946 1546; x_wconf 87' lang='lat' dir='ltr'><strong>praesidenti</strong></span> <span class='ocrx_word' id='word_1_178' title='bbox 976 1498 1142 1548; x_wconf 90' lang='lat' dir='ltr'><strong>primum</strong></span> <span class='ocrx_word' id='word_1_179' title='bbox 1164 1510 1304 1547; x_wconf 87' lang='lat' dir='ltr'><strong>rogare</strong></span> <span class='ocrx_word' id='word_1_180' title='bbox 1334 1498 1549 1547; x_wconf 85' lang='lat' dir='ltr'><strong>placuisset</strong></span> <span class='ocrx_word' id='word_1_181' title='bbox 1577 1496 1832 1547; x_wconf 75' lang='lat' dir='ltr'><strong>(Staatereckt</strong></span> <span class='ocrx_word' id='word_1_182' title='bbox 1852 1498 1889 1542; x_wconf 87' lang='grc'><strong>3,</strong></span> <span class='ocrx_word' id='word_1_183' title='bbox 1911 1497 2027 1547; x_wconf 85' lang='grc'>976);</span> <span class='ocrx_word' id='word_1_184' title='bbox 2054 1497 2141 1535; x_wconf 84' lang='lat' dir='ltr'><strong>fieri</strong></span> <span class='ocrx_word' id='word_1_185' title='bbox 2200 1485 2204 1514; x_wconf 46' lang='grc' dir='ltr'>ἶ</span> 
     </span>
    </p>
   </div>
   <div class='ocr_carea' id='block_1_6' title="bbox 2152 494 2216 1622">
    <p class='ocr_par' dir='ltr' id='par_1_8' title="bbox 2152 494 2216 1622">
     <span class='ocr_line' id='line_1_20' title="bbox 2152 494 2216 1622; baseline 0 0"><span class='ocrx_word' id='word_1_186' title='bbox 2152 494 2216 1622; x_wconf 95' lang='lat' dir='ltr'><strong> </strong></span> 
     </span>
    </p>
   </div>
   <div class='ocr_carea' id='block_1_7' title="bbox 386 1564 2209 1615">
    <p class='ocr_par' dir='ltr' id='par_1_9' title="bbox 386 1564 2209 1615">
     <span class='ocr_line' id='line_1_21' title="bbox 386 1564 2209 1615; baseline 0.002 -15"><span class='ocrx_word' id='word_1_187' title='bbox 386 1573 525 1615; x_wconf 78' lang='lat' dir='ltr'><strong>potest,</strong></span> <span class='ocrx_word' id='word_1_188' title='bbox 556 1578 632 1614; x_wconf 89' lang='lat' dir='ltr'><strong>quo</strong></span> <span class='ocrx_word' id='word_1_189' title='bbox 665 1565 770 1603; x_wconf 89' lang='lat' dir='ltr'><strong>ducit</strong></span> <span class='ocrx_word' id='word_1_190' title='bbox 800 1571 959 1603; x_wconf 89' lang='lat' dir='ltr'><strong>senatus</strong></span> <span class='ocrx_word' id='word_1_191' title='bbox 987 1566 1208 1604; x_wconf 89' lang='lat' dir='ltr'><strong>consultum</strong></span> <span class='ocrx_word' id='word_1_192' title='bbox 1239 1566 1287 1603; x_wconf 91' lang='lat' dir='ltr'><strong>de</strong></span> <span class='ocrx_word' id='word_1_193' title='bbox 1309 1564 1529 1615; x_wconf 85' lang='lat' dir='ltr'><strong>Cyzicenis,</strong></span> <span class='ocrx_word' id='word_1_194' title='bbox 1562 1573 1603 1602; x_wconf 93' lang='lat' dir='ltr'><strong>ut</strong></span> <span class='ocrx_word' id='word_1_195' title='bbox 1631 1566 1666 1603; x_wconf 91' lang='lat' dir='ltr'><strong>is</strong></span> <span class='ocrx_word' id='word_1_196' title='bbox 1697 1565 1910 1603; x_wconf 87' lang='lat' dir='ltr'><strong>secundum</strong></span> <span class='ocrx_word' id='word_1_197' title='bbox 1941 1565 2140 1615; x_wconf 86' lang='lat' dir='ltr'><strong>antiquam</strong></span> <span class='ocrx_word' id='word_1_198' title='bbox 2200 1565 2209 1609; x_wconf 49' lang='grc' dir='ltr'>ᾗ</span> 
     </span>
    </p>
   </div>
   <div class='ocr_carea' id='block_1_8' title="bbox 385 1633 2144 1684">
    <p class='ocr_par' dir='ltr' id='par_1_10' title="bbox 385 1633 2144 1684">
     <span class='ocr_line' id='line_1_22' title="bbox 385 1633 2144 1684; baseline 0 -14"><span class='ocrx_word' id='word_1_199' title='bbox 385 1633 701 1670; x_wconf 83' lang='lat' dir='ltr'><strong>consuetudinem</strong></span> <span class='ocrx_word' id='word_1_200' title='bbox 737 1633 904 1683; x_wconf 89' lang='lat' dir='ltr'><strong>primum</strong></span> <span class='ocrx_word' id='word_1_201' title='bbox 935 1633 1084 1684; x_wconf 83' lang='lat' dir='ltr'><strong>rogarit</strong></span> <span class='ocrx_word' id='word_1_202' title='bbox 1111 1634 1361 1683; x_wconf 87' lang='lat' dir='ltr'><strong>potissimum</strong></span> <span class='ocrx_word' id='word_1_203' title='bbox 1392 1633 1592 1671; x_wconf 88' lang='lat' dir='ltr'><strong>consulem</strong></span> <span class='ocrx_word' id='word_1_204' title='bbox 1622 1633 1791 1682; x_wconf 89' lang='lat' dir='ltr'><strong>aliquem</strong></span> <span class='ocrx_word' id='word_1_205' title='bbox 1821 1633 2071 1683; x_wconf 82' lang='lat' dir='ltr'><strong>designatum</strong></span> <span class='ocrx_word' id='word_1_206' title='bbox 2105 1639 2144 1670; x_wconf 86' lang='lat' dir='ltr'><strong>et</strong></span> 
     </span>
    </p>
   </div>
   <div class='ocr_carea' id='block_1_9' title="bbox 2196 1632 2212 1708">
    <p class='ocr_par' dir='ltr' id='par_1_11' title="bbox 2196 1632 2212 1708">
     <span class='ocr_line' id='line_1_23' title="bbox 2196 1632 2212 1708; baseline 0 2088"><span class='ocrx_word' id='word_1_207' title='bbox 2196 1632 2212 1708; x_wconf 95' lang='lat' dir='ltr'><strong> </strong></span> 
     </span>
    </p>
   </div>
   <div class='ocr_carea' id='block_1_10' title="bbox 386 1698 2216 1761">
    <p class='ocr_par' dir='ltr' id='par_1_12' title="bbox 386 1698 2216 1761">
     <span class='ocr_line' id='line_1_24' title="bbox 386 1698 2216 1761; baseline 0 -23"><span class='ocrx_word' id='word_1_208' title='bbox 386 1702 457 1738; x_wconf 87' lang='lat' dir='ltr'><strong>hac</strong></span> <span class='ocrx_word' id='word_1_209' title='bbox 486 1700 757 1749; x_wconf 85' lang='lat' dir='ltr'><strong>designatione</strong></span> <span class='ocrx_word' id='word_1_210' title='bbox 786 1701 862 1738; x_wconf 89' lang='lat' dir='ltr'><strong>iam</strong></span> <span class='ocrx_word' id='word_1_211' title='bbox 894 1701 1182 1750; x_wconf 90' lang='lat' dir='ltr'><strong>quodammodo</strong></span> <span class='ocrx_word' id='word_1_212' title='bbox 1212 1707 1410 1750; x_wconf 89' lang='lat' dir='ltr'><strong>receptum</strong></span> <span class='ocrx_word' id='word_1_213' title='bbox 1442 1702 1544 1738; x_wconf 90' lang='lat' dir='ltr'><strong>inter</strong></span> <span class='ocrx_word' id='word_1_214' title='bbox 1573 1701 1816 1739; x_wconf 85' lang='lat' dir='ltr'><strong>consulares.</strong></span> <span class='ocrx_word' id='word_1_215' title='bbox 1865 1698 2056 1751; x_wconf 84' lang='lat' dir='ltr'><strong>Sedpost</strong></span> <span class='ocrx_word' id='word_1_216' title='bbox 2075 1713 2143 1738; x_wconf 90' lang='lat' dir='ltr'><strong>no-</strong></span> <span class='ocrx_word' id='word_1_217' title='bbox 2206 1722 2216 1761; x_wconf 25' lang='grc' dir='ltr'><strong>π,</strong></span> 
     </span>
    </p>
   </div>
   <div class='ocr_carea' id='block_1_11' title="bbox 387 1768 1684 1818">
    <p class='ocr_par' dir='ltr' id='par_1_13' title="bbox 387 1768 1684 1818">
     <span class='ocr_line' id='line_1_25' title="bbox 387 1768 1684 1818; baseline 0 -12"><span class='ocrx_word' id='word_1_218' title='bbox 387 1782 472 1806; x_wconf 90' lang='lat' dir='ltr'><strong>men</strong></span> <span class='ocrx_word' id='word_1_219' title='bbox 504 1774 632 1805; x_wconf 85' lang='lat' dir='ltr'><strong>utrum</strong></span> <span class='ocrx_word' id='word_1_220' title='bbox 663 1769 702 1805; x_wconf 91' lang='lat' dir='ltr'><strong>in</strong></span> <span class='ocrx_word' id='word_1_221' title='bbox 733 1768 864 1818; x_wconf 90' lang='lat' dir='ltr'><strong>lapide</strong></span> <span class='ocrx_word' id='word_1_222' title='bbox 892 1768 1012 1806; x_wconf 86' lang='lat' dir='ltr'><strong>fuerit</strong></span> <span class='ocrx_word' id='word_1_223' title='bbox 1040 1781 1074 1806; x_wconf 86' lang='lat' dir='ltr'><strong>v.</strong></span> <span class='ocrx_word' id='word_1_224' title='bbox 1100 1780 1130 1806; x_wconf 87' lang='lat' dir='ltr'><strong>c.</strong></span> <span class='ocrx_word' id='word_1_225' title='bbox 1162 1781 1210 1806; x_wconf 90' lang='lat' dir='ltr'><strong>an</strong></span> <span class='ocrx_word' id='word_1_226' title='bbox 1241 1780 1314 1813; x_wconf 79' lang='lat' dir='ltr'><strong>cos.</strong></span> <span class='ocrx_word' id='word_1_227' title='bbox 1347 1770 1439 1814; x_wconf 67' lang='lat' dir='ltr'><strong>des„</strong></span> <span class='ocrx_word' id='word_1_228' title='bbox 1468 1769 1684 1818; x_wconf 85' lang='lat' dir='ltr'><strong>ignoratur.</strong></span> 
     </span>
    </p>
   </div>
   <div class='ocr_carea' id='block_1_12' title="bbox 2196 1718 2216 1841">
    <p class='ocr_par' dir='ltr' id='par_1_14' title="bbox 2196 1718 2216 1841">
     <span class='ocr_line' id='line_1_26' title="bbox 2196 1718 2216 1841; baseline 0 1955"><span class='ocrx_word' id='word_1_229' title='bbox 2196 1718 2216 1841; x_wconf 95' lang='lat' dir='ltr'><strong> </strong></span> 
     </span>
    </p>
   </div>
   <div class='ocr_carea' id='block_1_13' title="bbox 386 1835 2216 1954">
    <p class='ocr_par' dir='ltr' id='par_1_15' title="bbox 386 1835 2216 1954">
     <span class='ocr_line' id='line_1_27' title="bbox 495 1835 2143 1885; baseline 0.001 -13"><span class='ocrx_word' id='word_1_230' title='bbox 495 1835 613 1885; x_wconf 84' lang='lat' dir='ltr'><strong>Legit</strong></span> <span class='ocrx_word' id='word_1_231' title='bbox 651 1836 698 1872; x_wconf 86' lang='lat' dir='ltr'><strong>de</strong></span> <span class='ocrx_word' id='word_1_232' title='bbox 738 1836 885 1885; x_wconf 88' lang='lat' dir='ltr'><strong>scripto</strong></span> <span class='ocrx_word' id='word_1_233' title='bbox 922 1843 1001 1873; x_wconf 90' lang='lat' dir='ltr'><strong>tam</strong></span> <span class='ocrx_word' id='word_1_234' title='bbox 1039 1836 1074 1873; x_wconf 88' lang='lat' dir='ltr'><strong>is</strong></span> <span class='ocrx_word' id='word_1_235' title='bbox 1114 1837 1181 1885; x_wconf 89' lang='lat' dir='ltr'><strong>qui</strong></span> <span class='ocrx_word' id='word_1_236' title='bbox 1218 1836 1339 1873; x_wconf 85' lang='lat' dir='ltr'><strong>verba</strong></span> <span class='ocrx_word' id='word_1_237' title='bbox 1376 1836 1470 1873; x_wconf 86' lang='lat' dir='ltr'><strong>facit</strong></span> <span class='ocrx_word' id='word_1_238' title='bbox 1507 1848 1624 1885; x_wconf 89' lang='lat' dir='ltr'><strong>quam</strong></span> <span class='ocrx_word' id='word_1_239' title='bbox 1662 1837 1729 1885; x_wconf 90' lang='lat' dir='ltr'><strong>qui</strong></span> <span class='ocrx_word' id='word_1_240' title='bbox 1767 1836 1998 1874; x_wconf 78' lang='lat' dir='ltr'><strong>sententiam</strong></span> <span class='ocrx_word' id='word_1_241' title='bbox 2037 1836 2143 1874; x_wconf 89' lang='lat' dir='ltr'><strong>dicit.</strong></span> 
     </span>
     <span class='ocr_line' id='line_1_28' title="bbox 386 1902 2216 1954; baseline 0.001 -14"><span class='ocrx_word' id='word_1_242' title='bbox 386 1904 428 1940; x_wconf 92' lang='lat' dir='ltr'><strong>Id</strong></span> <span class='ocrx_word' id='word_1_243' title='bbox 460 1915 695 1952; x_wconf 87' lang='lat' dir='ltr'><strong>quamquam</strong></span> <span class='ocrx_word' id='word_1_244' title='bbox 726 1904 764 1940; x_wconf 93' lang='lat' dir='ltr'><strong>in</strong></span> <span class='ocrx_word' id='word_1_245' title='bbox 796 1904 990 1941; x_wconf 88' lang='lat' dir='ltr'><strong>sententia</strong></span> <span class='ocrx_word' id='word_1_246' title='bbox 1018 1909 1123 1941; x_wconf 88' lang='lat' dir='ltr'><strong>certe</strong></span> <span class='ocrx_word' id='word_1_247' title='bbox 1153 1916 1230 1941; x_wconf 92' lang='lat' dir='ltr'><strong>non</strong></span> <span class='ocrx_word' id='word_1_248' title='bbox 1260 1916 1350 1940; x_wconf 88' lang='lat' dir='ltr'><strong>raro</strong></span> <span class='ocrx_word' id='word_1_249' title='bbox 1380 1903 1504 1941; x_wconf 88' lang='lat' dir='ltr'><strong>libera</strong></span> <span class='ocrx_word' id='word_1_250' title='bbox 1533 1905 1734 1941; x_wconf 87' lang='lat' dir='ltr'><strong>etiamtum</strong></span> <span class='ocrx_word' id='word_1_251' title='bbox 1765 1917 1808 1941; x_wconf 86' lang='lat' dir='ltr'><strong>re</strong></span> <span class='ocrx_word' id='word_1_252' title='bbox 1831 1903 1992 1954; x_wconf 90' lang='lat' dir='ltr'><strong>publica</strong></span> <span class='ocrx_word' id='word_1_253' title='bbox 2015 1905 2145 1942; x_wconf 83' lang='lat' dir='ltr'><strong>evenit</strong></span> <span class='ocrx_word' id='word_1_254' title='bbox 2209 1902 2216 1935; x_wconf 53' lang='grc' dir='ltr'>ἴ</span> 
     </span>
    </p>
   </div>
   <div class='ocr_carea' id='block_1_14' title="bbox 386 1971 2146 2628">
    <p class='ocr_par' dir='ltr' id='par_1_16' title="bbox 386 1971 2143 2088">
     <span class='ocr_line' id='line_1_29' title="bbox 386 1971 2143 2022; baseline 0 -13"><span class='ocrx_word' id='word_1_255' title='bbox 386 1971 642 2020; x_wconf 73' lang='lat' dir='ltr'><strong>(Staatsrecht</strong></span> <span class='ocrx_word' id='word_1_256' title='bbox 669 1971 706 2016; x_wconf 88' lang='lat'><strong>3,</strong></span> <span class='ocrx_word' id='word_1_257' title='bbox 730 1971 843 2019; x_wconf 84' lang='lat'><strong>980),</strong></span> <span class='ocrx_word' id='word_1_258' title='bbox 875 1971 949 2009; x_wconf 87' lang='lat' dir='ltr'><strong>hac</strong></span> <span class='ocrx_word' id='word_1_259' title='bbox 978 1976 1107 2009; x_wconf 88' lang='lat' dir='ltr'><strong>aetate</strong></span> <span class='ocrx_word' id='word_1_260' title='bbox 1137 1971 1307 2009; x_wconf 89' lang='lat' dir='ltr'><strong>fortasse</strong></span> <span class='ocrx_word' id='word_1_261' title='bbox 1336 1971 1554 2022; x_wconf 84' lang='lat' dir='ltr'><strong>legitimum</strong></span> <span class='ocrx_word' id='word_1_262' title='bbox 1585 1972 1730 2009; x_wconf 86' lang='lat' dir='ltr'><strong>factum</strong></span> <span class='ocrx_word' id='word_1_263' title='bbox 1761 1977 1822 2009; x_wconf 90' lang='lat' dir='ltr'><strong>est</strong></span> <span class='ocrx_word' id='word_1_264' title='bbox 1849 1972 1981 2021; x_wconf 83' lang='lat' dir='ltr'><strong>itaque</strong></span> <span class='ocrx_word' id='word_1_265' title='bbox 2011 1983 2143 2022; x_wconf 90' lang='lat' dir='ltr'><strong>super-</strong></span> 
     </span>
     <span class='ocr_line' id='line_1_30' title="bbox 387 2038 1385 2088; baseline 0 -13"><span class='ocrx_word' id='word_1_266' title='bbox 387 2039 513 2076; x_wconf 89' lang='lat' dir='ltr'><strong>sederi</strong></span> <span class='ocrx_word' id='word_1_267' title='bbox 546 2039 673 2088; x_wconf 89' lang='lat' dir='ltr'><strong>potuit</strong></span> <span class='ocrx_word' id='word_1_268' title='bbox 703 2038 949 2087; x_wconf 85' lang='lat' dir='ltr'><strong>aliquatenus</strong></span> <span class='ocrx_word' id='word_1_269' title='bbox 980 2051 1102 2087; x_wconf 84' lang='lat' dir='ltr'><strong>opera</strong></span> <span class='ocrx_word' id='word_1_270' title='bbox 1130 2039 1385 2077; x_wconf 84' lang='lat' dir='ltr'><strong>notariorum.</strong></span> 
     </span>
    </p>

    <p class='ocr_par' dir='ltr' id='par_1_17' title="bbox 386 2105 2146 2628">
     <span class='ocr_line' id='line_1_31' title="bbox 497 2105 2144 2157; baseline 0 -14"><span class='ocrx_word' id='word_1_271' title='bbox 497 2105 745 2154; x_wconf 84' lang='lat' dir='ltr'><strong>Quamquam</strong></span> <span class='ocrx_word' id='word_1_272' title='bbox 778 2106 939 2143; x_wconf 89' lang='lat' dir='ltr'><strong>meliore</strong></span> <span class='ocrx_word' id='word_1_273' title='bbox 975 2112 1103 2144; x_wconf 89' lang='lat' dir='ltr'><strong>aetate</strong></span> <span class='ocrx_word' id='word_1_274' title='bbox 1139 2106 1178 2143; x_wconf 93' lang='lat' dir='ltr'><strong>in</strong></span> <span class='ocrx_word' id='word_1_275' title='bbox 1216 2107 1326 2144; x_wconf 88' lang='lat' dir='ltr'><strong>curia</strong></span> <span class='ocrx_word' id='word_1_276' title='bbox 1363 2107 1486 2144; x_wconf 89' lang='lat' dir='ltr'><strong>sellae</strong></span> <span class='ocrx_word' id='word_1_277' title='bbox 1523 2107 1677 2145; x_wconf 90' lang='lat' dir='ltr'><strong>curules</strong></span> <span class='ocrx_word' id='word_1_278' title='bbox 1714 2107 1920 2145; x_wconf 91' lang='lat' dir='ltr'><strong>consulum</strong></span> <span class='ocrx_word' id='word_1_279' title='bbox 1958 2113 2000 2144; x_wconf 89' lang='lat' dir='ltr'><strong>ut</strong></span> <span class='ocrx_word' id='word_1_280' title='bbox 2034 2107 2144 2157; x_wconf 85' lang='lat' dir='ltr'><strong>ipsae</strong></span> 
     </span>
     <span class='ocr_line' id='line_1_32' title="bbox 387 2173 2145 2222; baseline 0.002 -12"><span class='ocrx_word' id='word_1_281' title='bbox 387 2186 508 2222; x_wconf 89' lang='lat' dir='ltr'><strong>supra</strong></span> <span class='ocrx_word' id='word_1_282' title='bbox 537 2173 726 2210; x_wconf 87' lang='lat' dir='ltr'><strong>subsellia</strong></span> <span class='ocrx_word' id='word_1_283' title='bbox 755 2174 991 2220; x_wconf 88' lang='lat' dir='ltr'><strong>eminebant,</strong></span> <span class='ocrx_word' id='word_1_284' title='bbox 1022 2175 1078 2211; x_wconf 88' lang='lat' dir='ltr'><strong>ita</strong></span> <span class='ocrx_word' id='word_1_285' title='bbox 1107 2175 1146 2211; x_wconf 94' lang='lat' dir='ltr'><strong>in</strong></span> <span class='ocrx_word' id='word_1_286' title='bbox 1178 2174 1295 2222; x_wconf 87' lang='lat' dir='ltr'><strong>plano</strong></span> <span class='ocrx_word' id='word_1_287' title='bbox 1322 2175 1505 2212; x_wconf 86' lang='lat' dir='ltr'><strong>videntur</strong></span> <span class='ocrx_word' id='word_1_288' title='bbox 1533 2175 1751 2213; x_wconf 85' lang='lat' dir='ltr'><strong>collocatae</strong></span> <span class='ocrx_word' id='word_1_289' title='bbox 1779 2175 1913 2222; x_wconf 86' lang='lat' dir='ltr'><strong>fuisse,</strong></span> <span class='ocrx_word' id='word_1_290' title='bbox 1943 2181 2048 2213; x_wconf 83' lang='lat' dir='ltr'><strong>certe</strong></span> <span class='ocrx_word' id='word_1_291' title='bbox 2078 2189 2145 2213; x_wconf 90' lang='lat' dir='ltr'><strong>ne-</strong></span> 
     </span>
     <span class='ocr_line' id='line_1_33' title="bbox 386 2228 2144 2290; baseline 0.002 -13"><span class='ocrx_word' id='word_1_292' title='bbox 386 2228 460 2290; x_wconf 65' lang='lat' dir='ltr'><strong>que</strong></span> <span class='ocrx_word' id='word_1_293' title='bbox 496 2241 588 2278; x_wconf 89' lang='lat' dir='ltr'><strong>alibi</strong></span> <span class='ocrx_word' id='word_1_294' title='bbox 627 2253 754 2289; x_wconf 88' lang='lat' dir='ltr'><strong>neque</strong></span> <span class='ocrx_word' id='word_1_295' title='bbox 791 2242 829 2278; x_wconf 89' lang='lat' dir='ltr'><strong>in</strong></span> <span class='ocrx_word' id='word_1_296' title='bbox 866 2241 1064 2279; x_wconf 88' lang='lat' dir='ltr'><strong>narranda</strong></span> <span class='ocrx_word' id='word_1_297' title='bbox 1092 2241 1211 2279; x_wconf 88' lang='lat' dir='ltr'><strong>caede</strong></span> <span class='ocrx_word' id='word_1_298' title='bbox 1242 2240 1428 2280; x_wconf 87' lang='lat' dir='ltr'><strong>Caesaris</strong></span> <span class='ocrx_word' id='word_1_299' title='bbox 1459 2243 1664 2280; x_wconf 84' lang='lat' dir='ltr'><strong>dictatoris</strong></span> <span class='ocrx_word' id='word_1_300' title='bbox 1698 2242 1909 2280; x_wconf 85' lang='lat' dir='ltr'><strong>tribunalis</strong></span> <span class='ocrx_word' id='word_1_301' title='bbox 1945 2243 2049 2280; x_wconf 84' lang='lat' dir='ltr'><strong>intra</strong></span> <span class='ocrx_word' id='word_1_302' title='bbox 2079 2255 2144 2280; x_wconf 89' lang='lat' dir='ltr'><strong>cu-</strong></span> 
     </span>
     <span class='ocr_line' id='line_1_34' title="bbox 387 2307 2144 2360; baseline 0.002 -16"><span class='ocrx_word' id='word_1_303' title='bbox 387 2309 483 2345; x_wconf 87' lang='lat' dir='ltr'><strong>riam</strong></span> <span class='ocrx_word' id='word_1_304' title='bbox 515 2308 593 2345; x_wconf 86' lang='lat' dir='ltr'><strong>ulla</strong></span> <span class='ocrx_word' id='word_1_305' title='bbox 623 2309 769 2346; x_wconf 89' lang='lat' dir='ltr'><strong>mentio</strong></span> <span class='ocrx_word' id='word_1_306' title='bbox 799 2309 854 2355; x_wconf 87' lang='lat' dir='ltr'><strong>fit,</strong></span> <span class='ocrx_word' id='word_1_307' title='bbox 890 2309 967 2346; x_wconf 91' lang='lat' dir='ltr'><strong>iam</strong></span> <span class='ocrx_word' id='word_1_308' title='bbox 999 2307 1049 2347; x_wconf 84' lang='lat' dir='ltr'><strong>ex</strong></span> <span class='ocrx_word' id='word_1_309' title='bbox 1078 2309 1188 2346; x_wconf 89' lang='lat' dir='ltr'><strong>hisce</strong></span> <span class='ocrx_word' id='word_1_310' title='bbox 1218 2310 1315 2346; x_wconf 89' lang='lat' dir='ltr'><strong>actis</strong></span> <span class='ocrx_word' id='word_1_311' title='bbox 1346 2310 1586 2360; x_wconf 87' lang='lat' dir='ltr'><strong>intellegitur</strong></span> <span class='ocrx_word' id='word_1_312' title='bbox 1613 2316 1740 2348; x_wconf 83' lang='lat' dir='ltr'><strong>aetate</strong></span> <span class='ocrx_word' id='word_1_313' title='bbox 1769 2310 2022 2360; x_wconf 82' lang='lat' dir='ltr'><strong>imperatoria</strong></span> <span class='ocrx_word' id='word_1_314' title='bbox 2051 2323 2144 2348; x_wconf 90' lang='lat' dir='ltr'><strong>con·</strong></span> 
     </span>
     <span class='ocr_line' id='line_1_35' title="bbox 387 2376 2146 2428; baseline 0.002 -16"><span class='ocrx_word' id='word_1_315' title='bbox 387 2376 512 2413; x_wconf 85' lang='lat' dir='ltr'><strong>sulum</strong></span> <span class='ocrx_word' id='word_1_316' title='bbox 545 2376 664 2413; x_wconf 88' lang='lat' dir='ltr'><strong>sellas</strong></span> <span class='ocrx_word' id='word_1_317' title='bbox 695 2376 795 2413; x_wconf 87' lang='lat' dir='ltr'><strong>duas</strong></span> <span class='ocrx_word' id='word_1_318' title='bbox 825 2377 1040 2414; x_wconf 87' lang='lat' dir='ltr'><strong>collocatas</strong></span> <span class='ocrx_word' id='word_1_319' title='bbox 1069 2377 1192 2415; x_wconf 85' lang='lat' dir='ltr'><strong>fuisse</strong></span> <span class='ocrx_word' id='word_1_320' title='bbox 1217 2379 1258 2414; x_wconf 92' lang='lat' dir='ltr'><strong>in</strong></span> <span class='ocrx_word' id='word_1_321' title='bbox 1283 2384 1473 2426; x_wconf 53' lang='lat' dir='ltr'><strong>squestza</strong></span> <span class='ocrx_word' id='word_1_322' title='bbox 1501 2378 1684 2428; x_wconf 91' lang='lat' dir='ltr'><strong>idemque</strong></span> <span class='ocrx_word' id='word_1_323' title='bbox 1705 2390 1807 2415; x_wconf 90' lang='lat' dir='ltr'><strong>nunc</strong></span> <span class='ocrx_word' id='word_1_324' title='bbox 1828 2378 2004 2416; x_wconf 89' lang='lat' dir='ltr'><strong>videmus</strong></span> <span class='ocrx_word' id='word_1_325' title='bbox 2024 2379 2146 2428; x_wconf 85' lang='lat' dir='ltr'><strong>signi-</strong></span> 
     </span>
     <span class='ocr_line' id='line_1_36' title="bbox 387 2444 2145 2495; baseline 0.001 -15"><span class='ocrx_word' id='word_1_326' title='bbox 387 2445 495 2480; x_wconf 87' lang='lat' dir='ltr'><strong>ficari</strong></span> <span class='ocrx_word' id='word_1_327' title='bbox 527 2444 590 2480; x_wconf 88' lang='lat' dir='ltr'><strong>ubi</strong></span> <span class='ocrx_word' id='word_1_328' title='bbox 622 2444 786 2481; x_wconf 86' lang='lat' dir='ltr'><strong>Tacitus</strong></span> <span class='ocrx_word' id='word_1_329' title='bbox 816 2444 871 2481; x_wconf 89' lang='lat' dir='ltr'><strong>ait</strong></span> <span class='ocrx_word' id='word_1_330' title='bbox 899 2457 990 2481; x_wconf 91' lang='lat' dir='ltr'><strong>ann.</strong></span> <span class='ocrx_word' id='word_1_331' title='bbox 1015 2444 1078 2489; x_wconf 89' lang='lat'><strong>16,</strong></span> <span class='ocrx_word' id='word_1_332' title='bbox 1102 2445 1154 2481; x_wconf 88' lang='lat'><strong>30</strong></span> <span class='ocrx_word' id='word_1_333' title='bbox 1184 2457 1272 2482; x_wconf 84' lang='lat' dir='ltr'><strong>reos</strong></span> <span class='ocrx_word' id='word_1_334' title='bbox 1302 2446 1461 2482; x_wconf 87' lang='lat' dir='ltr'><strong>stetisse</strong></span> <span class='ocrx_word' id='word_1_335' title='bbox 1491 2453 1577 2483; x_wconf 79' lang='lat' dir='ltr'><strong>ante</strong></span> <span class='ocrx_word' id='word_1_336' title='bbox 1607 2446 1773 2483; x_wconf 75' lang='lat' dir='ltr'><strong>tribunal</strong></span> <span class='ocrx_word' id='word_1_337' title='bbox 1801 2446 2012 2493; x_wconf 78' lang='lat' dir='ltr'><strong>consulum3</strong></span> <span class='ocrx_word' id='word_1_338' title='bbox 2042 2457 2145 2495; x_wconf 87' lang='lat' dir='ltr'><strong>quae</strong></span> 
     </span>
     <span class='ocr_line' id='line_1_37' title="bbox 390 2495 2143 2563; baseline 0.002 -16"><span class='ocrx_word' id='word_1_339' title='bbox 390 2512 507 2548; x_wconf 87' lang='lat' dir='ltr'><strong>verba</strong></span> <span class='ocrx_word' id='word_1_340' title='bbox 537 2519 653 2548; x_wconf 87' lang='lat' dir='ltr'><strong>antea</strong></span> <span class='ocrx_word' id='word_1_341' title='bbox 682 2524 759 2549; x_wconf 91' lang='lat' dir='ltr'><strong>non</strong></span> <span class='ocrx_word' id='word_1_342' title='bbox 790 2518 894 2549; x_wconf 88' lang='lat' dir='ltr'><strong>recte</strong></span> <span class='ocrx_word' id='word_1_343' title='bbox 923 2512 1204 2562; x_wconf 87' lang='lat' dir='ltr'><strong>interpretatus</strong></span> <span class='ocrx_word' id='word_1_344' title='bbox 1235 2495 1320 2550; x_wconf 76' lang='lat' dir='ltr'><strong>sum</strong></span> <span class='ocrx_word' id='word_1_345' title='bbox 1352 2512 1606 2561; x_wconf 76' lang='lat' dir='ltr'><strong>(Staatsrecht</strong></span> <span class='ocrx_word' id='word_1_346' title='bbox 1634 2514 1672 2561; x_wconf 89' lang='lat'><strong>3,</strong></span> <span class='ocrx_word' id='word_1_347' title='bbox 1703 2512 1814 2563; x_wconf 83' lang='lat'>932).</span> <span class='ocrx_word' id='word_1_348' title='bbox 1870 2513 2021 2551; x_wconf 90' lang='lat' dir='ltr'><strong>Eodem</strong></span> <span class='ocrx_word' id='word_1_349' title='bbox 2051 2513 2143 2551; x_wconf 84' lang='lat' dir='ltr'><strong>item</strong></span> 
     </span>
     <span class='ocr_line' id='line_1_38' title="bbox 387 2578 2144 2628; baseline 0.002 -13"><span class='ocrx_word' id='word_1_350' title='bbox 387 2579 603 2616; x_wconf 84' lang='lat' dir='ltr'><strong>referemus</strong></span> <span class='ocrx_word' id='word_1_351' title='bbox 633 2580 737 2628; x_wconf 90' lang='lat' dir='ltr'><strong>quod</strong></span> <span class='ocrx_word' id='word_1_352' title='bbox 760 2578 906 2616; x_wconf 88' lang='lat' dir='ltr'><strong>Florus</strong></span> <span class='ocrx_word' id='word_1_353' title='bbox 939 2578 975 2624; x_wconf 93' lang='grc'>2,</span> <span class='ocrx_word' id='word_1_354' title='bbox 1001 2580 1048 2616; x_wconf 89' lang='grc'><strong>13</strong></span> <span class='ocrx_word' id='word_1_355' title='bbox 1079 2580 1181 2617; x_wconf 88' lang='lat' dir='ltr'><strong>inter</strong></span> <span class='ocrx_word' id='word_1_356' title='bbox 1209 2580 1381 2619; x_wconf 83' lang='lat' dir='ltr'><strong>honores</strong></span> <span class='ocrx_word' id='word_1_357' title='bbox 1411 2582 1748 2619; x_wconf 84' lang='lat' dir='ltr'><strong>extraordinarios</strong></span> <span class='ocrx_word' id='word_1_358' title='bbox 1769 2580 1933 2620; x_wconf 86' lang='lat' dir='ltr'><strong>Caesari</strong></span> <span class='ocrx_word' id='word_1_359' title='bbox 1963 2581 2144 2620; x_wconf 83' lang='lat' dir='ltr'><strong>dictatori</strong></span> 
     </span>
    </p>
   </div>
   <div class='ocr_carea' id='block_1_15' title="bbox 387 2647 2213 2698">
    <p class='ocr_par' dir='ltr' id='par_1_18' title="bbox 387 2647 2213 2698">
     <span class='ocr_line' id='line_1_39' title="bbox 387 2647 2213 2698; baseline 0.002 -16"><span class='ocrx_word' id='word_1_360' title='bbox 387 2647 556 2684; x_wconf 88' lang='lat' dir='ltr'><strong>tributos</strong></span> <span class='ocrx_word' id='word_1_361' title='bbox 593 2654 805 2695; x_wconf 73' lang='lat' dir='ltr'><strong>suyyestum</strong></span> <span class='ocrx_word' id='word_1_362' title='bbox 839 2649 880 2683; x_wconf 78' lang='lat' dir='ltr'><strong>in</strong></span> <span class='ocrx_word' id='word_1_363' title='bbox 917 2649 1023 2685; x_wconf 74' lang='lat' dir='ltr'><strong>curia</strong></span> <span class='ocrx_word' id='word_1_364' title='bbox 1059 2648 1255 2693; x_wconf 89' lang='lat' dir='ltr'><strong>nominat;</strong></span> <span class='ocrx_word' id='word_1_365' title='bbox 1299 2662 1387 2686; x_wconf 91' lang='lat' dir='ltr'><strong>nam</strong></span> <span class='ocrx_word' id='word_1_366' title='bbox 1427 2661 1661 2698; x_wconf 90' lang='lat' dir='ltr'><strong>quamquam</strong></span> <span class='ocrx_word' id='word_1_367' title='bbox 1699 2649 1748 2686; x_wconf 88' lang='lat' dir='ltr'><strong>de</strong></span> <span class='ocrx_word' id='word_1_368' title='bbox 1777 2647 1949 2687; x_wconf 81' lang='lat' dir='ltr'><strong>Caesare</strong></span> <span class='ocrx_word' id='word_1_369' title='bbox 1984 2650 2143 2693; x_wconf 73' lang='lat' dir='ltr'><strong>ers-avit,</strong></span> <span class='ocrx_word' id='word_1_370' title='bbox 2208 2669 2213 2673; x_wconf 89' lang='lat'><strong>·</strong></span> 
     </span>
    </p>
   </div>
   <div class='ocr_carea' id='block_1_16' title="bbox 387 2713 2144 3442">
    <p class='ocr_par' dir='ltr' id='par_1_19' title="bbox 387 2713 2144 3022">
     <span class='ocr_line' id='line_1_40' title="bbox 388 2713 2144 2764; baseline 0.002 -14"><span class='ocrx_word' id='word_1_371' title='bbox 388 2726 474 2751; x_wconf 89' lang='lat' dir='ltr'><strong>cum</strong></span> <span class='ocrx_word' id='word_1_372' title='bbox 499 2713 712 2752; x_wconf 86' lang='lat' dir='ltr'><strong>Suetonius</strong></span> <span class='ocrx_word' id='word_1_373' title='bbox 735 2713 851 2752; x_wconf 87' lang='lat' dir='ltr'><strong>Caes.</strong></span> <span class='ocrx_word' id='word_1_374' title='bbox 871 2714 920 2751; x_wconf 88' lang='lat'><strong>76</strong></span> <span class='ocrx_word' id='word_1_375' title='bbox 952 2715 990 2751; x_wconf 91' lang='lat' dir='ltr'><strong>in</strong></span> <span class='ocrx_word' id='word_1_376' title='bbox 1021 2715 1138 2752; x_wconf 91' lang='lat' dir='ltr'><strong>simili</strong></span> <span class='ocrx_word' id='word_1_377' title='bbox 1168 2715 1255 2752; x_wconf 93' lang='lat' dir='ltr'><strong>loco</strong></span> <span class='ocrx_word' id='word_1_378' title='bbox 1284 2717 1407 2753; x_wconf 78' lang='lat' dir='ltr'><strong>sedem</strong></span> <span class='ocrx_word' id='word_1_379' title='bbox 1434 2729 1590 2754; x_wconf 84' lang='lat' dir='ltr'><strong>auream</strong></span> <span class='ocrx_word' id='word_1_380' title='bbox 1617 2719 1655 2754; x_wconf 81' lang='lat' dir='ltr'><strong>in</strong></span> <span class='ocrx_word' id='word_1_381' title='bbox 1687 2719 1795 2754; x_wconf 78' lang='lat' dir='ltr'><strong>curia</strong></span> <span class='ocrx_word' id='word_1_382' title='bbox 1824 2717 2010 2764; x_wconf 88' lang='lat' dir='ltr'><strong>nominet,</strong></span> <span class='ocrx_word' id='word_1_383' title='bbox 2039 2724 2144 2754; x_wconf 83' lang='lat' dir='ltr'><strong>recte</strong></span> 
     </span>
     <span class='ocr_line' id='line_1_41' title="bbox 388 2781 2144 2833; baseline 0.002 -16"><span class='ocrx_word' id='word_1_384' title='bbox 388 2781 707 2819; x_wconf 87' lang='lat' dir='ltr'><strong>consuetudinem</strong></span> <span class='ocrx_word' id='word_1_385' title='bbox 744 2782 889 2819; x_wconf 89' lang='lat' dir='ltr'><strong>liberae</strong></span> <span class='ocrx_word' id='word_1_386' title='bbox 926 2783 981 2818; x_wconf 89' lang='lat' dir='ltr'><strong>rei</strong></span> <span class='ocrx_word' id='word_1_387' title='bbox 1018 2782 1201 2831; x_wconf 89' lang='lat' dir='ltr'><strong>publicae</strong></span> <span class='ocrx_word' id='word_1_388' title='bbox 1235 2784 1419 2833; x_wconf 90' lang='lat' dir='ltr'><strong>opposuit</strong></span> <span class='ocrx_word' id='word_1_389' title='bbox 1453 2785 1487 2821; x_wconf 93' lang='lat' dir='ltr'><strong>ei</strong></span> <span class='ocrx_word' id='word_1_390' title='bbox 1524 2796 1624 2832; x_wconf 88' lang='lat' dir='ltr'><strong>quae</strong></span> <span class='ocrx_word' id='word_1_391' title='bbox 1653 2784 1691 2821; x_wconf 90' lang='lat' dir='ltr'><strong>iu</strong></span> <span class='ocrx_word' id='word_1_392' title='bbox 1720 2796 1794 2822; x_wconf 89' lang='lat' dir='ltr'><strong>usu</strong></span> <span class='ocrx_word' id='word_1_393' title='bbox 1822 2785 1897 2822; x_wconf 90' lang='lat' dir='ltr'><strong>fuit</strong></span> <span class='ocrx_word' id='word_1_394' title='bbox 1925 2785 2042 2822; x_wconf 86' lang='lat' dir='ltr'><strong>aetati</strong></span> <span class='ocrx_word' id='word_1_395' title='bbox 2072 2785 2144 2821; x_wconf 91' lang='lat' dir='ltr'><strong>im-</strong></span> 
     </span>
     <span class='ocr_line' id='line_1_42' title="bbox 388 2845 2144 2902; baseline 0.002 -18"><span class='ocrx_word' id='word_1_396' title='bbox 388 2848 598 2895; x_wconf 81' lang='lat' dir='ltr'><strong>peratoria.</strong></span> <span class='ocrx_word' id='word_1_397' title='bbox 657 2848 802 2887; x_wconf 83' lang='lat' dir='ltr'><strong>Gaium</strong></span> <span class='ocrx_word' id='word_1_398' title='bbox 831 2850 965 2898; x_wconf 89' lang='lat' dir='ltr'><strong>itaque</strong></span> <span class='ocrx_word' id='word_1_399' title='bbox 995 2862 1079 2887; x_wconf 88' lang='lat' dir='ltr'><strong>cum</strong></span> <span class='ocrx_word' id='word_1_400' title='bbox 1109 2851 1361 2899; x_wconf 86' lang='lat' dir='ltr'><strong>reprehendit</strong></span> <span class='ocrx_word' id='word_1_401' title='bbox 1393 2851 1470 2888; x_wconf 90' lang='lat' dir='ltr'><strong>Dio</strong></span> <span class='ocrx_word' id='word_1_402' title='bbox 1491 2851 1557 2898; x_wconf 84' lang='lat'><strong>59,</strong></span> <span class='ocrx_word' id='word_1_403' title='bbox 1579 2851 1630 2889; x_wconf 82' lang='lat'><strong>26</strong></span> <span class='ocrx_word' id='word_1_404' title='bbox 1662 2859 1823 2902; x_wconf 84' lang='lat' dir='ltr'><strong>propter</strong></span> <span class='ocrx_word' id='word_1_405' title='bbox 1850 2847 1961 2895; x_wconf 71' lang='grc' dir='ltr'>,Θῆμα</span> <span class='ocrx_word' id='word_1_406' title='bbox 1988 2845 2144 2895; x_wconf 66' lang='grc' dir='ltr'>ὑψηλὸν</span> 
     </span>
     <span class='ocr_line' id='line_1_43' title="bbox 387 2910 2144 2970; baseline 0.003 -19"><span class='ocrx_word' id='word_1_407' title='bbox 387 2914 422 2951; x_wconf 80' lang='grc' dir='ltr'><strong>ἕν</strong></span> <span class='ocrx_word' id='word_1_408' title='bbox 451 2917 502 2964; x_wconf 73' lang='grc' dir='ltr'><strong>τῷ</strong></span> <span class='ocrx_word' id='word_1_409' title='bbox 528 2910 797 2970; x_wconf 67' lang='grc' dir='ltr'><strong>βουλευτηρίῳ,</strong></span> <span class='ocrx_word' id='word_1_410' title='bbox 825 2910 921 2953; x_wconf 66' lang='grc' dir='ltr'><strong>ὥστε</strong></span> <span class='ocrx_word' id='word_1_411' title='bbox 946 2912 1084 2961; x_wconf 74' lang='grc' dir='ltr'>μηδένα</span> <span class='ocrx_word' id='word_1_412' title='bbox 1108 2915 1360 2969; x_wconf 62' lang='grc' dir='ltr'><strong>ἐξικνεῖσθαι,</strong></span> <span class='ocrx_word' id='word_1_413' title='bbox 1391 2931 1467 2955; x_wconf 91' lang='lat' dir='ltr'><strong>non</strong></span> <span class='ocrx_word' id='word_1_414' title='bbox 1497 2919 1666 2957; x_wconf 81' lang='lat' dir='ltr'><strong>tribunal</strong></span> <span class='ocrx_word' id='word_1_415' title='bbox 1697 2920 1822 2969; x_wconf 83' lang='lat' dir='ltr'><strong>ipsum</strong></span> <span class='ocrx_word' id='word_1_416' title='bbox 1853 2920 1887 2957; x_wconf 75' lang='lat' dir='ltr'><strong>ei</strong></span> <span class='ocrx_word' id='word_1_417' title='bbox 1916 2919 2144 2970; x_wconf 81' lang='lat' dir='ltr'><strong>exprobrat,</strong></span> 
     </span>
     <span class='ocr_line' id='line_1_44' title="bbox 388 2972 1577 3022; baseline 0.005 -3"><span class='ocrx_word' id='word_1_418' title='bbox 388 2982 457 3019; x_wconf 88' lang='lat' dir='ltr'><strong>sed</strong></span> <span class='ocrx_word' id='word_1_419' title='bbox 488 2984 695 3022; x_wconf 88' lang='lat' dir='ltr'><strong>tribunalis</strong></span> <span class='ocrx_word' id='word_1_420' title='bbox 725 2984 981 3022; x_wconf 89' lang='lat' dir='ltr'><strong>altitudinem.</strong></span> <span class='ocrx_word' id='word_1_421' title='bbox 1573 2972 1577 2975; x_wconf 36' lang='lat'>¹</span> 
     </span>
    </p>

    <p class='ocr_par' dir='ltr' id='par_1_20' title="bbox 388 3049 2144 3442">
     <span class='ocr_line' id='line_1_45' title="bbox 499 3049 2144 3100; baseline 0.003 -13"><span class='ocrx_word' id='word_1_422' title='bbox 499 3049 610 3098; x_wconf 82' lang='lat' dir='ltr'><strong>Quae</strong></span> <span class='ocrx_word' id='word_1_423' title='bbox 648 3058 921 3100; x_wconf 82' lang='lat' dir='ltr'><strong>proponuntur</strong></span> <span class='ocrx_word' id='word_1_424' title='bbox 955 3054 1107 3090; x_wconf 85' lang='lat' dir='ltr'><strong>senatui</strong></span> <span class='ocrx_word' id='word_1_425' title='bbox 1145 3053 1406 3100; x_wconf 89' lang='lat' dir='ltr'><strong>decernenda,</strong></span> <span class='ocrx_word' id='word_1_426' title='bbox 1446 3055 1639 3092; x_wconf 87' lang='lat' dir='ltr'><strong>tralaticia</strong></span> <span class='ocrx_word' id='word_1_427' title='bbox 1676 3055 1808 3092; x_wconf 89' lang='lat' dir='ltr'><strong>omnia</strong></span> <span class='ocrx_word' id='word_1_428' title='bbox 1844 3066 1935 3092; x_wconf 87' lang='lat' dir='ltr'><strong>esse</strong></span> <span class='ocrx_word' id='word_1_429' title='bbox 1970 3055 2144 3092; x_wconf 84' lang='lat' dir='ltr'><strong>ostendit</strong></span> 
     </span>
     <span class='ocr_line' id='line_1_46' title="bbox 388 3118 2143 3172; baseline 0.002 -18"><span class='ocrx_word' id='word_1_430' title='bbox 388 3118 628 3167; x_wconf 86' lang='lat' dir='ltr'><strong>comparatio</strong></span> <span class='ocrx_word' id='word_1_431' title='bbox 659 3126 832 3157; x_wconf 88' lang='lat' dir='ltr'><strong>actorum</strong></span> <span class='ocrx_word' id='word_1_432' title='bbox 854 3121 1134 3170; x_wconf 86' lang='lat' dir='ltr'><strong>Augustorum,</strong></span> <span class='ocrx_word' id='word_1_433' title='bbox 1165 3133 1292 3170; x_wconf 91' lang='lat' dir='ltr'><strong>neque</strong></span> <span class='ocrx_word' id='word_1_434' title='bbox 1313 3122 1437 3159; x_wconf 90' lang='lat' dir='ltr'><strong>multa</strong></span> <span class='ocrx_word' id='word_1_435' title='bbox 1457 3123 1710 3172; x_wconf 88' lang='lat' dir='ltr'><strong>suppeditant</strong></span> <span class='ocrx_word' id='word_1_436' title='bbox 1729 3122 1929 3160; x_wconf 87' lang='lat' dir='ltr'><strong>notabilia.</strong></span> <span class='ocrx_word' id='word_1_437' title='bbox 1973 3121 2143 3160; x_wconf 89' lang='lat' dir='ltr'><strong>Decerni</strong></span> 
     </span>
     <span class='ocr_line' id='line_1_47' title="bbox 390 3185 2141 3239; baseline 0.003 -18"><span class='ocrx_word' id='word_1_438' title='bbox 390 3185 635 3234; x_wconf 85' lang='lat' dir='ltr'><strong>potissimum</strong></span> <span class='ocrx_word' id='word_1_439' title='bbox 666 3187 712 3224; x_wconf 92' lang='lat' dir='ltr'><strong>de</strong></span> <span class='ocrx_word' id='word_1_440' title='bbox 743 3188 963 3237; x_wconf 84' lang='lat' dir='ltr'><strong>sumptibus</strong></span> <span class='ocrx_word' id='word_1_441' title='bbox 994 3201 1079 3225; x_wconf 88' lang='lat' dir='ltr'><strong>cum</strong></span> <span class='ocrx_word' id='word_1_442' title='bbox 1110 3188 1290 3226; x_wconf 84' lang='lat' dir='ltr'><strong>ludorum</strong></span> <span class='ocrx_word' id='word_1_443' title='bbox 1323 3189 1373 3236; x_wconf 89' lang='lat' dir='ltr'><strong>(I,</strong></span> <span class='ocrx_word' id='word_1_444' title='bbox 1395 3189 1458 3227; x_wconf 84' lang='lat'><strong>23.</strong></span> <span class='ocrx_word' id='word_1_445' title='bbox 1482 3189 1552 3238; x_wconf 90' lang='grc'><strong>29)</strong></span> <span class='ocrx_word' id='word_1_446' title='bbox 1582 3195 1664 3226; x_wconf 88' lang='lat' dir='ltr'><strong>tum</strong></span> <span class='ocrx_word' id='word_1_447' title='bbox 1692 3189 1818 3239; x_wconf 89' lang='lat' dir='ltr'><strong>capite</strong></span> <span class='ocrx_word' id='word_1_448' title='bbox 1847 3190 1927 3226; x_wconf 88' lang='lat' dir='ltr'><strong>alio</strong></span> <span class='ocrx_word' id='word_1_449' title='bbox 1948 3201 2141 3227; x_wconf 88' lang='lat' dir='ltr'><strong>commen-</strong></span> 
     </span>
     <span class='ocr_line' id='line_1_48' title="bbox 389 3253 2139 3306; baseline 0.003 -18"><span class='ocrx_word' id='word_1_450' title='bbox 389 3253 476 3288; x_wconf 88' lang='lat' dir='ltr'><strong>tarii</strong></span> <span class='ocrx_word' id='word_1_451' title='bbox 507 3253 701 3291; x_wconf 91' lang='lat' dir='ltr'><strong>incidendi</strong></span> <span class='ocrx_word' id='word_1_452' title='bbox 733 3254 786 3303; x_wconf 85' lang='grc' dir='ltr'><strong>(Ι,</strong></span> <span class='ocrx_word' id='word_1_453' title='bbox 807 3255 871 3292; x_wconf 87' lang='lat'><strong>47.</strong></span> <span class='ocrx_word' id='word_1_454' title='bbox 893 3255 965 3303; x_wconf 90' lang='lat'><strong>48)</strong></span> <span class='ocrx_word' id='word_1_455' title='bbox 996 3262 1301 3294; x_wconf 82' lang='lat' dir='ltr'><strong>consentaneum</strong></span> <span class='ocrx_word' id='word_1_456' title='bbox 1332 3263 1402 3295; x_wconf 88' lang='lat' dir='ltr'><strong>est.</strong></span> <span class='ocrx_word' id='word_1_457' title='bbox 1453 3255 1642 3306; x_wconf 89' lang='lat' dir='ltr'><strong>Sumptus</strong></span> <span class='ocrx_word' id='word_1_458' title='bbox 1667 3257 1886 3294; x_wconf 86' lang='lat' dir='ltr'><strong>etiamnunc</strong></span> <span class='ocrx_word' id='word_1_459' title='bbox 1911 3257 2008 3294; x_wconf 87' lang='lat' dir='ltr'><strong>facit</strong></span> <span class='ocrx_word' id='word_1_460' title='bbox 2032 3269 2139 3294; x_wconf 86' lang='lat' dir='ltr'><strong>aera-</strong></span> 
     </span>
     <span class='ocr_line' id='line_1_49' title="bbox 388 3322 2142 3375; baseline 0.003 -20"><span class='ocrx_word' id='word_1_461' title='bbox 388 3322 486 3355; x_wconf 80' lang='lat' dir='ltr'><strong>rium</strong></span> <span class='ocrx_word' id='word_1_462' title='bbox 511 3322 647 3370; x_wconf 73' lang='lat' dir='ltr'><strong>populi</strong></span> <span class='ocrx_word' id='word_1_463' title='bbox 671 3322 832 3359; x_wconf 74' lang='lat' dir='ltr'><strong>Romani</strong></span> <span class='ocrx_word' id='word_1_464' title='bbox 861 3322 910 3370; x_wconf 93' lang='grc' dir='ltr'>(Ι,</span> <span class='ocrx_word' id='word_1_465' title='bbox 934 3322 1003 3370; x_wconf 83' lang='grc'><strong>29)</strong></span> <span class='ocrx_word' id='word_1_466' title='bbox 1035 3324 1095 3361; x_wconf 90' lang='lat' dir='ltr'><strong>vel</strong></span> <span class='ocrx_word' id='word_1_467' title='bbox 1128 3324 1201 3361; x_wconf 88' lang='lat' dir='ltr'><strong>hac</strong></span> <span class='ocrx_word' id='word_1_468' title='bbox 1230 3331 1357 3361; x_wconf 86' lang='lat' dir='ltr'><strong>aetate</strong></span> <span class='ocrx_word' id='word_1_469' title='bbox 1387 3338 1409 3361; x_wconf 90' lang='lat' dir='ltr'><strong>a</strong></span> <span class='ocrx_word' id='word_1_470' title='bbox 1437 3325 1534 3362; x_wconf 89' lang='lat' dir='ltr'><strong>fisco</strong></span> <span class='ocrx_word' id='word_1_471' title='bbox 1563 3324 1758 3361; x_wconf 86' lang='lat' dir='ltr'><strong>diversum</strong></span> <span class='ocrx_word' id='word_1_472' title='bbox 1789 3331 1828 3362; x_wconf 90' lang='lat' dir='ltr'><strong>et</strong></span> <span class='ocrx_word' id='word_1_473' title='bbox 1856 3338 1880 3375; x_wconf 79' lang='lat' dir='ltr'><strong>a</strong></span> <span class='ocrx_word' id='word_1_474' title='bbox 1908 3332 2044 3362; x_wconf 83' lang='lat' dir='ltr'><strong>senatu</strong></span> <span class='ocrx_word' id='word_1_475' title='bbox 2074 3325 2142 3362; x_wconf 88' lang='lat' dir='ltr'><strong>ad—</strong></span> 
     </span>
     <span class='ocr_line' id='line_1_50' title="bbox 391 3387 2138 3442; baseline 0.003 -19"><span class='ocrx_word' id='word_1_476' title='bbox 391 3387 664 3426; x_wconf 88' lang='lat' dir='ltr'><strong>ministratum.</strong></span> <span class='ocrx_word' id='word_1_477' title='bbox 725 3387 839 3436; x_wconf 85' lang='lat' dir='ltr'><strong>Quod</strong></span> <span class='ocrx_word' id='word_1_478' title='bbox 878 3390 974 3427; x_wconf 88' lang='lat' dir='ltr'><strong>fiunt</strong></span> <span class='ocrx_word' id='word_1_479' title='bbox 1009 3393 1191 3428; x_wconf 75' lang='lat' dir='ltr'><strong>communi</strong></span> <span class='ocrx_word' id='word_1_480' title='bbox 1228 3391 1424 3440; x_wconf 75' lang='lat' dir='ltr'><strong>e[oepensa]</strong></span> <span class='ocrx_word' id='word_1_481' title='bbox 1464 3391 1543 3439; x_wconf 84' lang='lat' dir='ltr'><strong>(ita</strong></span> <span class='ocrx_word' id='word_1_482' title='bbox 1577 3391 1678 3428; x_wconf 77' lang='lat' dir='ltr'><strong>en‘im</strong></span> <span class='ocrx_word' id='word_1_483' title='bbox 1719 3392 1844 3441; x_wconf 85' lang='lat' dir='ltr'><strong>magis</strong></span> <span class='ocrx_word' id='word_1_484' title='bbox 1879 3392 2138 3442; x_wconf 88' lang='lat' dir='ltr'><strong>supplendum</strong></span> 
     </span>
    </p>
   </div>
  </div>
 </body>
</html>
