2216 3796
451 327 545 373 342
1140 337 1502 371 ADDITAMENTA

450 455 644 498 siverunt,
678 452 845 490 rotundo
876 452 943 489 illo
973 452 1032 490 cui
1063 458 1335 502 superstructa
1364 458 1424 488 est
1463 462 1556 488 casa
1591 451 1739 488 rustica
1775 451 1910 489 vineae
1940 449 2179 489 Ceccarellio

450 534 551 567 rum,
596 521 643 557 de
681 520 820 573 ceteris
857 520 904 557 ad
945 519 1223 570 Pellegrinium
1258 519 1426 557 lectores
1466 518 1662 555 remittere
1703 518 1797 556 satis
1830 519 2060 556 habuerunt.
2131 518 2166 556 E

447 587 712 625 Henzenianis
742 599 836 625 vero
866 587 1038 636 pendent
1066 587 1285 636 quicunque
1315 587 1376 624 his
1407 585 1555 623 ultimis
1584 586 1698 623 annis
1727 585 1774 623 de
1806 586 2018 624 Arvalibus
2045 597 2178 623 eorum

447 667 522 704 que
559 655 749 692 aedificiis
787 655 904 692 verba
940 654 1124 692 fecerunt.
1185 654 1325 703 Itaque
1357 665 1432 690 non
1469 654 1538 691 abs
1576 666 1616 690 re
1652 652 1725 690 erit
1760 653 1935 690 locorum
1971 652 2020 691 de
2057 652 2194 702 quibus

446 722 522 759 iam
554 734 714 772 agemus
744 721 1065 772 ichnographiam
1089 734 1307 772 proponere
1336 721 1569 758 delineatam
1609 719 1821 757 secundum
1856 719 2003 758 formas
2038 720 2198 799 publiej

448 790 678 827 auctoritate
708 789 905 827 confectas
938 790 1095 827 maximi
1127 789 2019 838 moduli1).‘
2196 774 2199 789 ¹

554 856 705 894 Lucum
736 858 853 895 situm
882 857 1004 895 fuisse
1034 857 1083 895 ad
1113 857 1334 894 milliarium
1367 856 1544 905 quintum
1575 855 1661 892 viae
1692 853 1921 904 Campanae
1951 854 2171 903 abntroqu
2196 843 2202 874 'i

447 923 569 962 latere
601 924 685 961 viae
714 937 814 974 quae
844 937 947 962 nunc
976 931 1037 963 est
1074 925 1175 962 della
1205 924 1411 973 Maqliana
1444 924 1544 960 inter
1581 934 1716 960 omnes
1754 926 1926 970 constat3
1963 914 2082 972 quam
2119 922 2197 960 latu

447 992 694 1039 pertinuerit,
732 993 944 1042 quaeritur.
1010 990 1324 1041 Septentrionem
1356 1002 1494 1028 versus
1525 1002 1649 1039 usque
1684 990 1722 1027 in
1754 988 1974 1028 convallem
1995 997 2104 1040 'quae
2134 994 2200 1029 est

445 1071 546 1107 pone
584 1060 858 1097 coemeterium
896 1058 1121 1097 Generosae
1156 1059 1326 1109 patuerit
1364 1070 1526 1096 necesse
1561 1064 1638 1095 est:
1683 1070 1790 1095 aram
1829 1058 2200 1101 enim‘iff‘s'ummu

446 1126 546 1164 colle
582 1133 774 1176 repertam
813 1140 913 1176 quae
948 1127 1087 1176 anguis
1123 1127 1250 1176 figura
1289 1126 1456 1177 insignis
1495 1131 1556 1163 est
1593 1130 1725 1175 utpote
1759 1125 1874 1175 genio
1903 1124 2129 1164 ioetfflac’ra
2159 1125 2200 1167 iu

445 1195 574 1232 medio
604 1195 693 1232 luco
722 1195 894 1245 positam
924 1195 1047 1232 fuisse
1078 1194 1335 1244 probabiliter
1365 1193 1503 1230 statuit
1530 1192 1713 1231 Rossiu's.
1772 1191 2198 1240 ‘Occideuiv'bffi³vers'us

447 1262 547 1299 ultra
567 1262 704 1300 vineae
727 1261 1056 1300 Ceccarelliorum
1081 1262 1178 1299 fines
1199 1261 1356 1311 prodire
1379 1261 1446 1298 vix
1470 1261 1611 1307 licebit,
1642 1261 1829 1310 quoniam
1856 1259 2199 1310 sepulera‘aetatiff

446 1329 540 1367 satis
571 1329 753 1380 antiquae
782 1336 938 1379 reperta
968 1335 1058 1367 sunt
1087 1330 1126 1367 in
1162 1329 1235 1366 hac
1263 1330 1350 1378 ipsa
1372 1329 1487 1366 vinea
1515 1334 1554 1366 et
1574 1329 1703 1366 vicina
1722 1325 2023 1366 Molinariornm
2051 1327 2183 1377 (Pelle

444 1397 544 1447 grini
567 1396 672 1434 Ball.
695 1395 787 1435 dell’
810 1397 907 1434 Istit.
944 1397 1045 1435 1858
1076 1410 1113 1447 p.
1137 1395 1273 1445 5—7).
1324 1396 1523 1433 Meridiem
1547 1401 1585 1432 et
1604 1395 1778 1433 Tiberim
1802 1406 1938 1451 versus
1968 1407 2046 1444 qno
2076 1407 2174 1444 usqu
2192 1418 2216 1484 'l

445 1465 684 1514 pervenerit,
722 1464 927 1502 diiudicari
965 1465 1108 1513 poterit
1143 1465 1176 1502 si
1214 1463 1371 1513 quando
1407 1463 1454 1500 de
1494 1460 1594 1500 viae¹
1615 1462 1839 1512 Campanae
1874 1463 1993 1500 ductu
2030 1460 2203 1513 certiora

446 1532 572 1578 edocti
603 1531 817 1580 erimus2):
849 1532 1036 1569 orientem
1059 1543 1195 1570 versus
1218 1532 1321 1568 ultra
1342 1531 1482 1568 vallem
1504 1542 1603 1580 quae
1632 1530 1758 1568 rivulo
1788 1531 1907 1568 Fosso
1936 1530 1977 1567 di
2001 1486 2216 1580 Affoqala-¹

447 1601 529 1637 sino
559 1599 661 1636 dicto
691 1599 876 1649 irrigatur
905 1600 1082 1649 patuisse
1113 1611 1189 1637 non
1219 1598 1463 1636 crediderim.

557 1668 661 1716 Ager
689 1667 751 1704 his
781 1668 924 1705 finibus
954 1667 1261 1717 comprehensus
1292 1679 1396 1704 nunc
1415 1666 1496 1703 fere
1516 1672 1731 1715 occupatur
1751 1666 1877 1704 vineis
1897 1665 2066 1704 duabus:
2097 1666 2198 1704 inter

445 1734 544 1771 viam
576 1740 770 1772 recentem
801 1743 840 1772 et
868 1735 991 1772 colles
1022 1743 1082 1772 est
1112 1735 1226 1771 vinea
1254 1734 1347 1771 olim
1376 1734 1540 1771 fratrum
1573 1733 1919 1779 ccccm-alliorum,
1956 1738 2060 1772 nunc
2087 1733 2195 1771 Iaco-

445 1802 539 1849 bini,
569 1802 825 1840 celeberrima
849 1803 1018 1840 inventis
1040 1801 1258 1839 tabularum
1280 1802 1456 1851 reliquiis
1477 1801 1655 1850 plurimis
1664 1814 1675 1847 ;
1703 1813 1730 1838 a
1751 1800 1910 1840 meridie
1931 1801 2030 1848 viae,
2059 1800 2107 1838 ad
2128 1801 2211 1847 Ti-;

444 1869 565 1906 berim
599 1881 723 1919 usque
750 1870 973 1907 extenditur
994 1869 1107 1907 vinea
1126 1869 1322 1918 quondam
1348 1868 1535 1918 Stephani
1558 1867 1788 1907 Oeccarellii
1815 1881 1920 1907 nunc
1933 1867 2107 1920 Vignoli.
2150 1867 2196 1906 In

445 1937 559 1974 vinea
588 1938 660 1974 hac
690 1949 811 1986 supra
841 1938 967 1975 solum
998 1937 1126 1974 adhuc
1156 1938 1329 1974 eminent
1357 1937 1500 1974 rudera
1529 1936 1694 1974 aedificii
1725 1937 1857 1987 magni
1883 1949 1932 1975 ex
1962 1948 2080 1987 opere
2101 1936 2214 1981 late-s⁴

444 2004 538 2041 ricio
569 2005 775 2054 compositi
806 2005 911 2054 quod
943 2005 1142 2043 saeculum
1174 2004 1387 2042 secundum
1421 2017 1513 2053 prae
1540 2016 1582 2041 se
1611 2004 1688 2041 fert
1707 2004 1768 2041 vel
1799 2004 1969 2042 tertium.
2019 2003 2196 2042 Parietes

445 2072 573 2108 ornati
604 2079 695 2110 sunt
723 2072 912 2110 aediculis
943 2072 1220 2110 semirotundis
1251 2072 1540 2121 compluribus:
1576 2072 1706 2109 domui
1738 2078 1807 2109 aut
1835 2072 1952 2110 villae
1981 2071 2096 2109 alicui
2127 2063 2216 2129 eos{

444 2139 742 2185 adiudicaveris,
773 2140 819 2177 ad
847 2140 982 2178 aedem
1005 2152 1157 2178 sacram
1181 2140 1416 2188 pertinuisse
1438 2139 1651 2190 negaveris.
1697 2139 1967 2189 Tetrastylum
1988 2139 2216 2196 Arvalium3

443 2207 483 2243 id
512 2218 602 2244 esse
631 2207 832 2245 contendit
860 2207 1146 2259 Pellegrinius‚
1182 2215 1286 2245 recte
1316 2207 1504 2254 fortasse3
1541 2220 1592 2245 ex
1621 2206 1902 2257 ichnographia
1936 2207 1986 2245 ab
2021 2219 2069 2245 eo
2105 2203 2216 2258 pro-*g'¹

445 2275 575 2322 posita
605 2275 652 2312 de
683 2275 807 2312 forma
837 2276 1002 2313 aedificii
1033 2288 1165 2312 verum
1196 2274 1361 2312 divinari
1392 2275 1460 2312 vix
1490 2281 1634 2324 potest,
1669 2274 1738 2312 sed
1767 2275 1937 2312 certiora
1965 2285 2082 2324 spero
2102 2272 2216 2321 *sorel

547 2462 576 2504 ¹)
603 2464 784 2505 Kiepertus
810 2465 844 2496 in
871 2464 982 2496 forma
1008 2465 1143 2506 egregia
1173 2462 1276 2496 Carta
1308 2464 1516 2507 coroqraflca
1547 2468 1579 2496 et
1608 2462 1841 2507 archeoloqica
1872 2462 1943 2496 dell
1948 2458 1956 2472 '
1984 2461 2092 2501 Italia
2121 2427 2216 2510 cen-g

444 2524 539 2564 trale,
568 2525 790 2557 similitudine
816 2526 963 2557 nominis
995 2526 1154 2567 deeeptus
1186 2526 1298 2557 lucum
1331 2526 1476 2567 signavit
1507 2525 1542 2557 in
1574 2525 1682 2557 altera
1711 2525 1812 2557 vinea
1837 2524 2119 2558 ceceareuiorum
2150 2510 2216 2558 ad·t

442 2586 640 2617 milliarium
665 2586 736 2618 fere
762 2590 934 2628 quartum3
973 2586 1094 2618 rectius
1121 2587 1162 2618 de
1188 2586 1286 2619 Rossi
1313 2586 1347 2618 in
1374 2586 1490 2618 tabula
1514 2586 1647 2618 adiecta
1670 2586 1879 2618 enarrationi
1904 2586 2100 2619 coemeterii
2125 2572 2216 2627 Cre-¹2}

443 2656 596 2687 nerosae,
621 2645 664 2679 R.
686 2645 721 2678 S.
750 2648 816 2679 vol.
835 2647 902 2679 ΙΙΙ.
2088 2642 2091 2645 ’
2200 2649 2216 2653 ’“

542 2705 574 2747 ²)
607 2708 812 2740 Lancianius
851 2708 1029 2747 (relazione
1060 2720 1092 2751 p.
1122 2709 1203 2748 106)
1242 2713 1331 2740 recte
1368 2709 1441 2740 sine
1478 2708 1581 2740 dubio
1615 2708 1790 2740 contendit
1820 2709 1907 2740 viam
1939 2709 2099 2740 transisse
2130 2707 2192 2741 sub

442 2769 527 2800 colle
555 2769 646 2800 dicto
671 2767 785 2801 Monte
810 2768 895 2802 delle
920 2769 1040 2802 Piclze:
1079 2770 1178 2802 valde
1210 2769 1431 2811 probabiliter
1463 2770 1580 2802 statuit
1604 2770 1693 2801 viam
1725 2770 1818 2801 cuius
1849 2769 1959 2801 silices
1984 2770 2028 2802 ad
2060 2773 2191 2811 portam
2202 2764 2216 2811 ¹]-

441 2830 559 2861 vineae
586 2829 868 2863 Ceccarelliorum
895 2831 1020 2873 reperti
1046 2835 1134 2871 sunt,
1161 2841 1230 2863 non
1258 2830 1361 2862 fuisse
1383 2830 1591 2872 Campanam
1618 2831 1739 2872 ipsam,
1765 2830 1823 2862 sed
1849 2830 2083 2863 diverticulum
2108 2821 2216 2905 einai

440 2891 559 2932 Neque
590 2896 703 2923 tamen
738 2892 894 2924 assentiri
926 2903 1062 2934 possum
1093 2892 1168 2924 viro
1204 2892 1398 2924 doctissimo
1432 2902 1506 2923 cum
1544 2892 1593 2923 ita
1624 2892 1751 2933 pergit:
1796 2890 1831 2923 la
1865 2889 2034 2935 Campana
2064 2882 2216 2938 dovevaj

440 2953 569 2994 sequire
594 2952 623 2984 il
648 2952 749 2995 ciqlio
775 2952 860 2985 delle
886 2953 1006 2985 colline
1025 2952 1301 2996 parallelamente
1327 2952 1400 2984 alla
1423 2952 1580 2984 moderna
1604 2951 1723 2984 strada
1752 2951 1790 2984 di
1811 2950 2018 2991 Fiumicino;
2051 2938 2216 2993 laddovei

441 3012 476 3044 la
502 3012 682 3045 Portuense
707 3025 772 3046 non
797 3014 829 3046 si
852 3014 1045 3047 discostava
1070 3013 1162 3046 dalle
1186 3015 1259 3057 ripe
1285 3013 1341 3045 del
1371 3012 1500 3052 Tevere,
1528 3024 1614 3046 come
1639 3009 1771 3046 d'altra
1787 3017 1890 3057 parte
1914 3023 1950 3046 ce
1974 3023 2014 3046 ne
2038 3001 2216 3058 assicuraff‘j

440 3071 619 3117 Procopio.
675 3074 815 3107 Frustra
839 3076 928 3107 enim
954 3075 1012 3107 ubi
1036 3075 1222 3117 Procopius
1248 3075 1283 3106 id
1310 3076 1477 3116 expressis
1504 3075 1614 3106 verbis
1640 3079 1778 3107 testetur
1802 3075 1967 3116 quaesivi:
1994 3079 2027 3106 et
2052 3075 2087 3106 in
2112 3075 2188 3117 uni⁴¹

440 3144 572 3166 versum
598 3136 655 3168 via
685 3136 920 3178 antiquissima
947 3137 1124 3178 Campana
1157 3135 1266 3176 (cuius
1297 3146 1420 3168 nomen
1452 3137 1587 3168 ductum
1620 3145 1692 3167 esse
1724 3145 1745 3168 a
1771 3135 1901 3177 Campo
1926 3135 2119 3169 Salinarum
2154 3126 2216 3174 ἰῐιῖᾖὲ

439 3196 551 3227 littore
578 3198 678 3228 maris
704 3207 810 3238 prope
836 3198 1031 3229 Maccarese
1064 3198 1145 3237 sito,
1180 3207 1246 3239 quo
1273 3198 1354 3229 olim
1381 3198 1571 3237 finiebatur,
1604 3196 1779 3228 observavi
1810 3193 1944 3228 Notizie
1975 3195 2067 3239 deqli
2095 3180 2216 3234 scaeis-

442 3258 532 3288 1888
560 3268 592 3299 p.
614 3257 696 3297 229)
723 3258 905 3290 seeundum
934 3258 1056 3291 flumen
1083 3259 1185 3300 plano
1210 3259 1331 3290 itinere
1356 3259 1546 3300 perrexisse
1572 3258 1740 3290 credenda
1764 3261 1823 3295 est,
1857 3246 2052 3289 Portnensis
2077 3262 2187 3290 aetate
2207 3235 2216 3286 l

439 3318 543 3349 multo
570 3319 757 3359 posteriore
782 3324 873 3350 recto
905 3319 975 3350 fere
1008 3321 1141 3351 tramite
1173 3329 1233 3365 per
1265 3320 1408 3351 declivia
1439 3320 1606 3351 montium
1638 3318 1739 3350 ducta
1769 3327 1852 3349 esse.
1912 3304 2216 3360 Coniungebatur'·

438 3383 578 3420 utraque
603 3389 684 3419 non,
711 3385 748 3411 ut
773 3380 947 3412 contendit
964 3381 1182 3420 Lancianins,
1210 3390 1314 3422 prope
1339 3380 1454 3411 villam
1484 3379 1518 3411 la
1537 3378 1727 3422 Maqliamu
1753 3379 1811 3410 sed
1837 3379 1879 3410 ad
1898 3378 2102 3411 milliarium
2115 3379 2186 3440 fere

438 3439 605 3471 decimum
631 3450 736 3482 prope
763 3439 866 3472 Ponte
894 3439 1029 3472 Galera.
