2216 3796
720 331 961 366 Lvnoavn
997 331 1362 367 sAscvnAva.
1834 314 1929 365 271

93 443 232 503 (qd
258 453 384 489 utem
419 447 612 488 ludicram
647 448 818 487 faciunt.
858 448 962 487 unde
992 448 1057 486 hic
1090 448 1223 497 priore
1257 449 1346 487 loco
1375 449 1629 488 nominantur
1643 448 1693 499 ¹).
1753 449 1882 487 Astici
1912 463 1933 486 e

100 517 357 582 ,mun
386 516 454 568 (cf.
486 516 699 557 Suetonius
730 512 822 556 Tib.
846 517 888 556 6·
920 517 1119 567 praesedit
1147 522 1182 554 et
1211 519 1339 556 asticis
1371 517 1488 563 ludis3
1528 516 1618 557 Gai.
1641 517 1711 556 20:
1750 517 1869 555 edidit
1894 519 1932 555 in

103 580 297 635 ”famia
338 583 545 636 Syracusis
585 588 724 625 asticos
765 585 874 624 ludos
914 583 1007 635 cet.)
1048 591 1141 623 sunt
1177 586 1350 623 scaenici
1388 586 1506 624 soliti.
1544 607 1597 614 —
1633 586 1854 624 Theatrum
1891 586 1932 624 in

106 651 273 702 Dino
287 653 488 698 Flaminio
519 653 761 704 intellegitur
790 653 968 692 Marcelli
999 659 1184 703 coeptum
1216 667 1239 692 a
1270 652 1443 692 Caesare
1474 655 1676 703 dictatore,
1708 654 1928 693 dedicatum

96 720 416 775 aqtfflrlsnmo
445 722 530 761 fere
558 729 653 774 post
682 722 811 761 editos
841 721 960 761 ludos
992 722 1216 760 saeculares
1254 721 1428 770 (Becker
1458 729 1614 774 topogr.
1644 735 1683 773 p.
1707 722 1819 773 603).

100 834 119 837 ,.
150 832 151 835 ¹
240 789 366 830 Ludi
395 790 594 830 circenses
624 791 665 830 in
695 789 954 830 sollemnibus
986 790 1103 828 tertio
1134 790 1196 829 die
1233 791 1282 828 ab
1313 791 1412 828 hora
1442 792 1574 829 nescio
1605 803 1684 842 qua
1720 791 1829 841 (nam
1861 804 1929 830 nu-

110 863 299 910 mus
319 858 439 911 periit
472 859 514 898 in
547 858 679 910 hiatu)
714 859 837 898 solito
869 871 978 897 more
1009 858 1214 898 scaenicos
1244 859 1459 910 excipiunt.
1519 859 1585 898 Ad
1616 860 1776 898 eosdem
1807 861 1930 911 perti-

98 915 126 962 ΪᾸ
198 932 249 967 t
261 928 351 979 oqui
368 928 615 980 quadrigarii
642 928 684 967 in
705 927 809 966 ludis
831 928 1103 967 saecularibus
1123 927 1229 979 apud
1249 927 1412 966 Festum
1445 929 1501 977 (ν.
1519 928 1738 966 Tarentum
1767 942 1804 980 p.
1829 929 1928 979 351)

107 980 184 1028 ’ἶ
249 996 546 1037 emorati.1i
575 1002 618 1036 ut
644 996 754 1044 fiant,
784 1002 904 1035 metae
929 998 1078 1047 positae
1097 1002 1187 1035 sunt
1214 995 1270 1046 (v.
1293 996 1407 1047 154):
1441 1009 1611 1047 quocum
1633 997 1928 1043 conferendum,

91 1039 257 1143 &quod
281 1065 377 1118 imp.
399 1063 596 1105 Claudius
630 1065 672 1104 in
707 1065 798 1116 ipso
834 1065 940 1104 circo
977 1065 1152 1104 maximo
1189 1070 1315 1103 metas
1352 1072 1512 1104 auratas
1551 1065 1636 1104 fieri
1676 1066 1795 1104 iussit
1830 1078 1929 1116 quae

101 1127 303 1191 Quoue
322 1139 436 1175 mea
459 1134 622 1184 ficerunt
651 1132 889 1184 (Suetonius
920 1132 1064 1173 Claud.
1087 1134 1171 1185 21).
1231 1134 1312 1185 Ipsi
1348 1133 1430 1172 ludi
1468 1134 1667 1173 circenses
1698 1134 1926 1173 XVvirales

75 1191 270 1270 &Q
292 1200 539 1254 respondent
565 1203 629 1251 iis,
666 1214 769 1253 quos
799 1203 1010 1254 collegium
1040 1202 1250 1241 Arvalium
1282 1202 1482 1241 celebrare
1513 1202 1634 1242 solet.
1671 1203 1729 1241 ita
1758 1204 1798 1241 in
1829 1204 1927 1242 actis

91 1260 256 1335 3⁴72&ss
263 1280 300 1311 ι
322 1270 371 1311 81
405 1270 503 1310 haec
531 1271 733 1323 leguntur·
764 1273 947 1322 maqister
973 1271 1016 1310 C.
1037 1271 1174 1310 Iunius
1195 1271 1400 1322 Mefitanus
1423 1278 1625 1310 coronatus
1654 1274 1852 1311 riciniatus
1882 1273 1927 1310 de

87 1337 388 1392 muribus
425 1342 574 1392 siquam
611 1341 860 1391 quadriyaris
900 1347 935 1379 et
969 1340 1218 1380 desultoribus
1255 1343 1376 1388 misit,
1417 1353 1510 1392 quos
1549 1343 1698 1379 coronis
1739 1343 1925 1392 argenteis

56 1419 59 1420 ’
71 1448 73 1450 .
86 1415 134 1468 st.
145 1410 307 1449 mavit.

82 1465 129 1537 ᾗ
188 1514 190 1517 ,
251 1474 394 1517 Ludos
423 1477 658 1517 honorarios
689 1478 892 1517 scaenicos
924 1478 1105 1528 sequitur
1135 1478 1308 1527 venatio,
1346 1478 1417 1517 sed
1446 1478 1595 1517 indicta
1625 1478 1756 1517 edicto
1786 1479 1923 1527 altero,

71 1540 289 1603 ssj--neque,
326 1551 371 1585 ut
404 1545 488 1586 ludi
518 1546 731 1586 sollemnes
761 1552 944 1586 constant
973 1547 1168 1586 scaenicis
1199 1555 1239 1586 et
1267 1547 1531 1595 circensibus,
1566 1548 1623 1586 ita
1653 1548 1922 1586 scaenicorum

87 1612 325 1675 {;7,.ludorum
355 1606 645 1667 et'pugnarum
675 1615 831 1667 publice
852 1615 1046 1654 editarum
1077 1616 1254 1668 legitima
1273 1616 1497 1655 communio
1526 1616 1612 1654 fuit.
1658 1615 1921 1656 Venationem

118 1676 211 1735 nbi
226 1680 390 1723 xvviri
417 1682 614 1724 ediderint
642 1690 819 1724 actorum
849 1685 1040 1736 reliquiae
1071 1697 1150 1724 non
1170 1686 1395 1733 enuntiant;
1426 1685 1633 1737 Augustus
1653 1685 1789 1724 scribit
1819 1685 1923 1736 (An-

81 1743 224 1815 ‹qrf
238 1751 284 1801 4,
302 1750 379 1802 39)
409 1753 642 1793 venationes
671 1753 846 1793 edidisse
881 1766 924 1793 se
959 1756 999 1792 in
1028 1756 1130 1793 circo
1168 1760 1235 1793 aut
1263 1756 1304 1792 in
1329 1755 1420 1803 soro
1450 1760 1517 1793 aut
1549 1757 1588 1792 in
1618 1754 1920 1804 amphitheatris.

68 1832 121 1886 ,3
107 1796 320 1875 Βοωριο
347 1826 392 1859 ut
420 1821 572 1873 passim
602 1822 751 1861 mentio
779 1822 825 1860 fit
852 1823 894 1861 in
920 1822 1024 1862 ludis
1045 1823 1291 1862 circensibus
1322 1822 1477 1861 scilicet
1507 1834 1711 1875 sacrorum
1742 1823 1921 1874 publico-

105 1900 236 1939 nm
246 1899 378 1929 causa
405 1889 536 1939 editis,
567 1891 625 1929 ita
652 1891 693 1930 in
723 1891 973 1942 gladiatoriis
997 1892 1353 1941 venationibusque
1378 1904 1402 1929 a
1423 1893 1548 1930 sacris
1579 1891 1748 1943 publicis
1778 1892 1919 1931 alienis

67 1954 246 2015 Mad
274 1958 489 2010 scriptores
519 1964 627 1999 certe
655 1972 736 1999 non
765 1965 1023 1999 memoratur:
1061 1974 1155 1999 nam
1184 1960 1291 2010 quod
1322 1960 1566 2011 gladiatores
1599 1960 1775 2011 pompali
1777 1967 1831 1999 ter
1860 1973 1920 1999 or-

63 2021 222 2091 ÷'=²,M
247 2026 289 2069 in
317 2026 508 2067 harenam
537 2026 805 2079 introeunt²)‚
834 2028 934 2068 nihil
964 2029 1107 2080 opinor
1136 2042 1344 2068 commune
1373 2029 1492 2068 habet
1521 2042 1609 2068 cum
1635 2042 1780 2080 pompa
1802 2042 1921 2080 prae-

126 2093 232 2138 hta.
290 2094 340 2135 Id
373 2095 506 2147 ipsum
542 2097 674 2136 minus
711 2098 871 2148 proprie
902 2098 1047 2136 dictum
1077 2098 1235 2137 videtur
1265 2109 1371 2136 esse.
1410 2099 1571 2149 proprie
1607 2098 1788 2137 dicuntur
1818 2098 1921 2136 tituli

67 2151 435 2222 {ynimulacraque
459 2177 604 2216 pompa
627 2168 825 2217 praeferri
840 2166 880 2216 ³)
911 2166 973 2204 vel
1002 2166 1092 2216 ipsa
1117 2179 1261 2217 pompa
1292 2166 1435 2205 dicitur
1455 2169 1559 2217 ferri
1573 2167 1627 2217 4)
1673 2167 1831 2207 XVviri
1862 2174 1920 2205 ta-

98 2229 108 2262 {³
137 2244 230 2273 men
262 2232 303 2272 in
333 2233 576 2273 circensibus
605 2234 655 2273 de
690 2246 837 2286 pompa
872 2239 1048 2274 tacentes
1085 2248 1271 2286 pompam
1302 2235 1527 2278 venationis
1562 2236 1603 2274 in
1632 2242 1722 2275 acta
1757 2236 1918 2275 rettule-

135 2307 243 2351 runt.
289 2302 349 2341 At
375 2302 469 2353 quid
497 2303 539 2342 in
569 2315 618 2342 ea
645 2315 793 2354 pompa
821 2303 915 2343 ferri
944 2304 1142 2352 iusserint,
1174 2317 1262 2342 cum
1295 2304 1458 2343 deorum
1490 2305 1714 2354 simulacra,
1746 2318 1848 2356 quae
1877 2306 1918 2343 in

125 2367 294 2423 'pompis
323 2369 387 2410 his
415 2371 668 2422 potissimum
700 2372 833 2411 solent
865 2373 1018 2423 portari
1047 2373 1211 2412 ferculis
1241 2373 1448 2423 imposita,
1488 2374 1537 2411 ab
1567 2374 1641 2412 hac
1669 2374 1822 2413 laetitia
1850 2375 1918 2412 ab·

135 2437 336 2488 horreant,
367 2438 531 2479 definire
550 2441 629 2479 non
650 2441 791 2480 audeo.
837 2440 1028 2480 Fortasse
1050 2442 1320 2493 anaglyphum
1343 2449 1541 2492 repertum
1562 2442 1781 2493 Pompeiis,
1811 2442 1918 2494 quod

72 2499 191 2562 {sad
215 2505 332 2547 ludos
362 2506 623 2559 gladiatorios
659 2509 744 2549 sive
773 2509 958 2549 funebres
996 2511 1080 2549 sive
1110 2511 1462 2562 amphitheatrales
1493 2517 1675 2562 spectare
1705 2512 1779 2550 viri
1810 2511 1916 2550 docti

60 2767 77 2779 ,
238 2732 271 2776 ¹)
307 2734 353 2768 In
379 2734 516 2778 oppidis
542 2733 684 2769 Graecis
710 2745 780 2768 non
804 2745 884 2769 raro
912 2736 1131 2769 inveniuntur
1157 2736 1422 2779 thymelicorum
1448 2736 1609 2779 collegia3
1643 2737 1692 2769 ita
1717 2737 1753 2769 in
1780 2737 1914 2770 civitate

65 2796 459 2845 [mortesenigrseca
475 2797 653 2831 Nemauso
677 2797 742 2830 fuit
769 2788 843 2842 ἱεροὶ
867 2789 1036 2843 θυμιλικῆ
1062 2790 1200 2835 ου’νοδος
1226 2798 1364 2839 (Kaibel
1390 2799 1492 2831 inser.
1513 2797 1636 2832 Graec.
1654 2799 1732 2831 Ital.
1759 2802 1793 2831 et
1818 2798 1912 2833 Sicil.

62 2854 102 2899 ’ψ
120 2857 274 2903 ,μςῖζὸὓ
305 2858 502 2902 similesque
528 2859 716 2892 extiterunt
739 2859 889 2902 Neapoli
915 2864 949 2893 et
973 2860 1105 2893 Romae
1132 2865 1165 2893 et
1189 2860 1271 2893 alibi
1299 2860 1335 2902 (Ι.
1356 2859 1412 2901 c.).
1463 2860 1586 2893 Latine
1612 2861 1757 2903 scriptos
1782 2861 1913 2903 lapides

64 2909 91 2923 ’ζ
117 2929 212 2962 ,nro
243 2929 363 2955 eorum
394 2921 604 2954 mentionem
635 2921 747 2954 facere
779 2926 1047 2956 consentaneum
1081 2927 1150 2963 est;
1182 2922 1225 2955 cf.
1251 2922 1290 2955 C.
1310 2923 1338 2954 I.
1357 2923 1396 2955 L.
1416 2923 1480 2964 VI,
1510 2923 1645 2955 10161:
1679 2921 1914 2955 Athenodorus

117 2981 282 3030 (tymeus
306 2981 434 3016 Paridi
458 2981 629 3026 thymelica
657 2981 734 3016 bene
758 2983 896 3017 merenti
917 2983 1016 3026 fecit.
1060 2985 1186 3017 Aetate
1212 2985 1395 3017 Iustiniani
1423 2985 1576 3027 quintum
1608 2994 1803 3027 processum
1831 2995 1911 3018 con-

59 3034 82 3085 's'
130 3043 278 3079 sulutem
302 3035 360 3087 ‘niv
386 3042 438 3077 int
462 3037 502 3077 ‘ro'
527 3042 673 3090 θέατρον
698 3035 856 3090 ἄγουσαν,
884 3038 921 3086 ἥν
946 3035 986 3087 δή
1010 3037 1132 3090 πόρνας
1157 3042 1318 3078 καλοῧσιν
1344 3046 1482 3079 novella
1507 3046 1580 3078 eius
1606 3046 1665 3079 CV
1683 3047 1731 3079 ita
1756 3052 1909 3080 enarrat:

131 3101 216 3140 ῐνθα
238 3107 311 3146 τοῖς
335 3104 388 3140 int
415 3105 532 3150 σκηνῆς
556 3106 793 3151 γελωτοποιοῖς
818 3103 913 3139 ἔσται
938 3099 1036 3153 χώρα
1062 3104 1244 3151 τραγῳδοῖς
1267 3118 1302 3139 τε
1331 3102 1385 3140 καὶ
1412 3110 1482 3144 τοῖς
1509 3105 1559 3139 ἐπὶ
1584 3105 1640 3149 τῆς
1665 3106 1818 3153 ,θυμέλης
1842 3118 1911 3155 χο,

59 3189 72 3214 5
133 3169 215 3214 ροῖς,
241 3160 400 3214 Sosipater!
421 3181 456 3202 τε
481 3166 703 3206 παντοδαποῖς
727 3164 784 3201 καὶ
810 3161 1016 3213 ἀκούσμασιν
1043 3163 1240 3213 ἀνεῳγμένον
1267 3165 1340 3202 ἐστὶ
1365 3161 1404 3202 τὲ
1431 3167 1587 3214 θέατρον.

48 3216 54 3224 ⁴
234 3228 268 3272 ²)
305 3230 553 3266 Friedlaender
578 3231 670 3274 apud
696 3231 969 3274 Marquardtium
995 3229 1188 3264 Handbuch
1216 3232 1236 3264 6
1264 3242 1296 3274 p.
1317 3232 1398 3265 561.

51 3338 54 3339 ⁷
69 3326 80 3335 ,Δ
233 3290 270 3336 ⁸.)
307 3293 449 3329 sueton.
468 3294 539 3327 Tit.
559 3294 598 3326 2:
624 3297 767 3326 statuam
793 3316 802 3325 .
818 3317 826 3325 .
853 3303 893 3326 ex
909 3291 1005 3326 ebore
1023 3298 1210 3337 equestrem,
1238 3304 1321 3337 quae
1339 3294 1482 3326 circensi
1491 3305 1617 3338 pompa
1635 3292 1795 3338 hodieque
1805 3306 1908 3338 prae-

59 3347 249 3398 „sm-
298 3354 398 3390 Caes.
418 3355 482 3389 37:
514 3354 657 3388 Pontico
683 3353 848 3399 triumpho
882 3356 968 3388 inter
990 3365 1132 3400 pompae
1154 3355 1295 3398 fercula
1322 3355 1419 3387 trium
1443 3354 1614 3388 verborum
1642 3356 1806 3400 praetulit
1831 3357 1908 3389 titu-

131 3415 197 3451 hm
217 3409 314 3450 'veni
335 3416 411 3450 vidi
433 3411 526 3451 vici'.

233 3476 267 3520 ⁴)
304 3479 417 3513 Varro
443 3479 486 3513 de
511 3479 533 3512 1.
560 3480 625 3513 Lat
657 3479 689 3522 5,
711 3480 799 3513 153:
826 3479 949 3513 circum
973 3484 1076 3513 metas
1098 3478 1213 3524 fertur
1231 3490 1370 3526 pompa.
