2216 3796
321 333 416 381 256
1138 347 1266 381 ACTA

321 463 369 500 de
398 462 691 512 precationibus
714 461 842 512 agitur
862 473 1118 511 exponemus.
1163 462 1227 501 De
1249 462 1499 501 sellisterniis
1530 462 1721 501 habendis
1736 462 1775 513 ¹)
1805 462 1938 501 omnia
1964 466 2076 503 nota:

322 531 437 567 etiam
473 530 512 566 in
544 529 810 568 saecularibus
845 529 950 568 ludis
979 531 1266 581 antiquioribus
1301 545 1350 570 ea
1379 531 1597 569 obtinuisse
1633 530 1744 569 testis
1774 537 1834 569 est
1869 529 2080 569 secundum

319 598 440 635 libros
480 598 729 646 incorruptos
761 596 944 635 Valerius
981 598 1180 636 Maximus
1225 599 1366 650 (supra
1402 613 1438 649 p.
1461 599 1538 637 237
1577 604 1656 636 not.
1681 598 1736 648 3).
1796 597 1974 638 Sufficiet
2010 609 2078 648 ap-

319 666 507 716 posuisse
529 665 577 703 de
606 665 656 702 iis
685 664 797 703 locos
819 665 933 713 duos,
964 667 1129 704 alterum
1151 666 1304 705 Valerii
1334 667 1510 705 eiusdem
1542 666 1579 714 2,
1606 668 1639 714 1,
1663 665 1706 704 2:
1737 666 1842 705 Iovis
1871 666 1982 717 epulo
2001 666 2082 717 ipse

320 735 359 770 in
391 733 537 779 lectum,
574 733 670 770 Iuno
706 739 741 770 et
768 733 944 771 Minerva
977 736 1018 771 in
1052 734 1167 772 sellas
1203 736 1257 772 ad
1289 747 1414 772 cenam
1448 735 1718 781 invitabantur,
1756 728 2082 774 alterum'Tnciti

322 814 410 838 ann.
437 801 499 848 15,
521 802 572 839 44
603 801 650 838 de
680 801 850 839 incendii
881 802 987 840 urbis
1018 802 1168 840 Romae
1198 803 1422 852 expiatione
1450 803 1668 852 imperante
1696 801 1876 840 Nerone:
1904 814 1990 841 mox
2012 813 2082 852 pe-

323 871 391 906 tita
420 870 493 907 diis
517 869 677 918 piacula
706 871 873 919 aditique
905 869 1087 919 Sibyllini
1118 871 1218 916 libri,
1249 884 1292 908 ex
1320 872 1455 921 quibus
1485 871 1740 921 supplicatum
1761 870 1926 910 Vulcano
1955 875 1992 908 οδ
2017 867 2084 910 Ge·

322 939 401 974 reri
435 936 762 991 Proserpinaeque
799 949 844 974 ac
882 940 1098 987 propitiata
1133 939 1228 976 Iuno
1263 951 1334 988 per
1368 945 1561 977 matronas
1595 941 1762 988 primum
1799 940 1840 976 in
1879 937 2082 988 Capitolio,

324 1006 456 1042 deinde
486 1006 539 1042 ad
566 1008 780 1054 proximum
808 1018 911 1043 mare
948 1034 956 1043 .
974 1034 982 1042 .
1003 1035 1012 1043 .
1030 1034 1038 1042 .
1078 1013 1112 1043 et
1139 1006 1367 1044 sellisternia
1395 1019 1442 1044 ac
1471 1007 1684 1057 perviyilia
1713 1006 1943 1046 celebravere
1968 1005 2083 1055 semi·

322 1085 394 1110 nae
424 1074 557 1122 quibus
585 1076 713 1112 mariti
741 1080 857 1111 erant.
907 1073 1007 1111 Iuno
1037 1080 1075 1111 et
1095 1074 1241 1122 Diana,
1272 1075 1415 1124 quibus
1446 1088 1470 1113 a
1499 1075 1691 1113 matronis
1723 1074 1843 1113 sellae
1871 1062 2083 1125 ponuntur,

322 1140 406 1178 sine
436 1141 555 1179 dubio
585 1146 675 1179 sunt
702 1140 877 1179 Lucinae
907 1141 1018 1179 duae.

431 1208 496 1247 De
530 1209 664 1259 pueris
699 1209 917 1260 puellisque
947 1210 1119 1260 septenis
1150 1210 1297 1248 vicenis
1327 1211 1368 1248 in
1398 1212 1496 1250 actis
1525 1217 1682 1261 praeter
1710 1211 1841 1249 locum
1870 1208 1988 1249 modo
2015 1207 2084 1247 ad-

321 1277 445 1315 latum
476 1290 510 1314 v.
534 1277 555 1314 7
563 1278 701 1316 3—75
730 1278 980 1328 reperiuntur
1007 1278 1103 1316 haec
1134 1278 1244 1327 (nam
1270 1281 1383 1329 pueri
1411 1292 1577 1330 quorum
1598 1280 1745 1318 mentio
1774 1279 1819 1318 fit
1847 1291 1884 1318 v.
1907 1277 1986 1319 164
2015 1276 2085 1319 vix

323 1351 412 1383 sunt
440 1345 595 1395 iidem):

323 1470 375 1495 ex
404 1457 575 1507 epistula
602 1457 871 1507 imperatoris:

361 1549 377 1574 3
436 1567 444 1576 .
463 1567 471 1576 .
490 1566 498 1575 .
538 1537 650 1587 [bi]ni
678 1538 782 1575 chori
810 1551 861 1587 qu
878 1568 887 1576 .
905 1567 913 1576 .
932 1567 940 1576 .

341 1640 376 1666 2ο
433 1658 443 1667 .
461 1658 470 1666 .
489 1658 497 1667 .
533 1641 672 1679 pueros
700 1631 935 1679 virqinesque
963 1632 1149 1679 patrimos
1179 1630 1476 1680 matrim[osque]

341 1707 374 1734 21
432 1697 503 1746 [ad
531 1709 679 1735 carmen
709 1697 931 1747 can]endum
962 1698 1166 1748 chorosque
1195 1699 1382 1737 habendos
1408 1700 1625 1748 frequentes
1653 1698 1715 1748 u[t
1742 1699 1872 1736 adsint

340 1775 375 1801 22
430 1765 601 1815 ite]mque
630 1766 682 1802 ad
711 1778 754 1803 ea
783 1767 974 1816 sacrificia
1005 1772 1115 1816 atque
1145 1767 1199 1804 ad
1226 1779 1286 1805 eos
1317 1767 1426 1804 ludos
1458 1765 1694 1816 paran[dos]

341 1843 375 1870 23
434 1833 666 1883 [diliqenyer
693 1836 932 1872 meminerint.

323 1957 373 1982 ex
403 1944 502 1982 actis
532 1944 610 1982 diei
638 1945 744 1983 tertii
773 1958 807 1983 v.
832 1945 1070 1984 147—149:

434 2025 692 2075 sacrificioque
715 2026 882 2075 perfecto
908 2028 1020 2075 pueri
1049 2025 1270 2076 [X]XVII,
1301 2026 1433 2075 quibus
1455 2027 1710 2064 denuntiatum
1739 2032 1832 2073 erat,
1861 2026 2022 2075 patrimi
2049 2031 2085 2063 et

488 2096 652 2131 matrimi
680 2100 714 2131 et
738 2094 891 2143 puellae
920 2095 1070 2132 totidem
1093 2095 1098 2144 Ι
1127 2106 1275 2132 carmen
1304 2096 1522 2141 cecinerunt,
1554 2094 1784 2144 eo[de]mque
1811 2095 1920 2132 modo
1950 2094 1987 2132 in
2011 2092 2084 2132 Ca-

484 2162 632 2211 pitolio.
667 2162 672 2212 Ι
707 2161 865 2200 Carmen
896 2164 1104 2212 composuit
1136 2161 1181 2208 Q.
1209 2162 1432 2212 Hor[at]ius
1462 2162 1640 2201 Flaccus.

326 2295 482 2347 Sibylla
519 2303 726 2347 postquam
757 2297 858 2335 dixit
888 2297 935 2336 de
965 2310 1078 2336 sacro
1110 2298 1288 2349 Apollini
1319 2298 1500 2337 faciendo
1538 2298 1682 2349 pergit:
1719 2290 1782 2335 noel
1812 2290 2020 2343 ἇειδόμινοῖ
2043 2311 2083 2334 τε
2114 2306 2115 2309 ’

324 2367 472 2404 Λατῖνοι
500 2366 659 2404 παιᾶνες
687 2358 848 2420 κου’ροιω
876 2359 1008 2419 nappe-l
1030 2381 1070 2403 τε
1101 2363 1183 2413 νηόν
1203 2362 1329 2418 ἔχοιεν
1351 2360 1582 2404 ἀθανάτων·
1613 2357 1732 2421 χωρὶς
1760 2356 1801 2403 δὲ
1829 2358 1934 2420 κόραι
1962 2357 2084 2419 χέθον

327 2424 439 2471 αὗται
475 2426 604 2484 ἔχοιεν
632 2425 694 2470 καὶ
728 2426 848 2486 χωρὶς
883 2430 1027 2471 παίδων
1057 2425 1173 2486 ἆρα-ην
1203 2428 1372 2485 στάχυς.
1431 2430 1533 2472 ἀλλὰ
1569 2427 1709 2484 «γονῆων
1737 2427 1880 2474 πάντες
1915 2428 2083 2479 ζωόντων

327 2494 379 2542 οἷς
408 2496 639 2551 ἀμφιθαλὴς
667 2497 718 2539 ἔτι
748 2495 887 2552 φύτλη.
945 2502 1044 2539 Item
1076 2502 1279 2541 Zosimus:
1319 2496 1430 2557 ἡμέρᾳ
1461 2497 1501 2541 δὲ
1530 2497 1627 2555 τρίτῃ
1657 2500 1694 2539 ἐν
1721 2501 1777 2552 τῷ
1803 2495 1904 2540 κατὰ
1932 2496 1972 2538 vd
2001 2503 2083 2556 noe'„

326 2564 456 2608 λα’τιον
481 2563 722 2610 Ἀπόλλωνος
749 2569 833 2624 ἱερῷ
862 2563 936 2623 τρὶς
964 2563 1064 2607 ἐννέα
1092 2564 1226 2610 παίδες
1255 2569 1448 2618 ἐπιφανεῖς
1477 2566 1570 2614 μετᾶ
1600 2563 1798 2623 παρθένων
1823 2562 2024 2613 τοο-ου’των,
2054 2567 2084 2605 οἱ

326 2631 466 2677 πάντες
496 2635 750 2688 ἀμφιθαλεῖς,
779 2633 866 2690 ὅπερ
886 2630 984 2674 ἐστὶν
1005 2632 1239 2691 ἀμφοτέρους
1259 2634 1346 2677 τούς
1375 2639 1496 2688 εγονεῖς
1526 2630 1686 2688 ἔχοντες
1714 2630 1921 2692 περιόντας,
1949 2630 2084 2681 ὕμνους

327 2698 463 2755 ᾅδουσι
493 2707 539 2757 τῇ
568 2721 607 2743 τε
633 2700 822 2752 Ἑλλήνων
850 2698 913 2742 καὶ
930 2700 1118 2749 Ῥωμαίων
1149 2707 1256 2757 φωνῇ
1283 2699 1346 2743 καὶ
1373 2706 1554 2750 παιᾶνας,
1584 2702 1633 2742 δι’
1655 2697 1700 2744 ὧν
1721 2704 1760 2743 αἶ
1789 2699 1861 2743 timi
1880 2698 2084 2750 Ῥωμαίους

328 2768 507 2820 σώζονται
542 2767 678 2814 πόλεις.
738 2767 923 2812 Carmina
961 2779 1118 2812 cantata
1154 2786 1243 2813 esse
1278 2774 1414 2825 lingua
1443 2780 1607 2824 utraque
1637 2774 1823 2812 Zosimus
1857 2772 1992 2824 posuit
2025 2782 2082 2810 er-

327 2855 432 2890 rore,
469 2854 584 2892 quem
619 2843 696 2880 iam
732 2842 933 2892 redarguit
967 2847 1146 2880 actorum
1178 2842 1390 2880 silentium.
1439 2842 1528 2880 Hoc
1556 2855 1700 2880 novum
1731 2841 1972 2880 addiscimus
2001 2852 2084 2878 car-

328 2924 418 2948 men
454 2912 556 2960 quod
590 2913 796 2960 composuit
829 2910 872 2956 Q.
904 2909 1090 2948 Horatius
1127 2910 1295 2948 Flaccus
1333 2923 1411 2948 non
1449 2911 1576 2948 solum
1614 2911 1655 2948 in
1690 2909 1846 2948 Palatio
1885 2913 2084 2947 cantatum

328 2990 430 3024 esse,
461 2978 528 3016 sed
558 2979 648 3016 item
679 2979 719 3016 in
742 2976 950 3027 capitolio.
996 2978 1039 3015 Id
1071 2979 1281 3027 quominus
1312 2978 1550 3027 accipiamus
1581 2978 1627 3015 de
1648 2978 1784 3016 eodem
1805 2977 1976 3015 carmine
2004 2987 2084 3013 non

328 3046 438 3084 brevi
467 3046 528 3084 bis
557 3047 740 3096 repetito,
776 3051 1049 3097 argumentum
1079 3046 1226 3083 obstat:
1261 3058 1352 3083 nam
1382 3047 1555 3095 ineptum
1584 3046 1686 3084 foret
1712 3045 1846 3083 Iovem
1875 3044 2084 3082 Iunonem—

330 3126 403 3164 que
431 3115 489 3152 ita
515 3114 722 3160 celebrari,
757 3119 799 3151 ut
827 3125 951 3163 neque
980 3114 1018 3150 in
1048 3114 1242 3164 principio
1273 3114 1458 3151 carminis
1487 3126 1614 3163 neque
1643 3115 1684 3151 in
1712 3113 1790 3150 fine
1819 3112 1897 3162 ipsi
1926 3123 2083 3161 compa·
2136 3134 2142 3140 ·

329 3188 472 3220 rerent.
531 3182 586 3219 At
615 3194 700 3219 cum
732 3182 781 3219 ab
810 3181 1009 3231 Apollinis
1041 3180 1273 3231 Dianaeque
1307 3181 1490 3220 laudibus
1521 3195 1676 3220 carmen
1710 3186 1749 3218 et
1779 3179 1943 3230 incipiat
1978 3184 2016 3216 et
2043 3179 2095 3231 in·

434 3402 464 3444 ¹)
504 3402 716 3436 Vocabulum
742 3403 784 3435 de
809 3402 1018 3436 lectisternio
1046 3407 1078 3434 et
1103 3403 1304 3435 sellisternio
1330 3403 1494 3435 sollemne
1520 3406 1580 3434 est.
1631 3402 1746 3435 Livius
1775 3402 1830 3442 22,
1853 3402 1908 3441 10,
1928 3401 1965 3433 9:
1993 3398 2084 3432 lecti-

332 3465 485 3497 sternium
509 3475 574 3508 per
600 3465 742 3497 triduum
766 3463 910 3497 habitum
936 3464 1128 3497 decemviris
1152 3475 1321 3497 sacrorum
1345 3462 1548 3497 curantibus-
