2216 3796
432 341 528 389 418
1115 356 1495 390 TARRAcoNENsm

486 478 621 517 Lectio
653 482 712 517 est
743 477 974 531 certissima,
1006 479 1280 530 interpretatio
1311 480 1478 530 incerta,
1510 490 1689 519 ΑΝΝιοιο
1719 485 1856 530 postea
1875 480 2032 520 videtur
2055 480 2100 520 in
2155 482 2159 491 ⁹

427 547 603 597 positum
633 560 731 599 esse,
762 551 809 585 ut
839 559 896 586 ΑΝ
929 547 1203 599 explicaretur.

484 617 530 654 In
560 616 678 654 titulo
708 615 839 666 priore
869 616 1024 655 litterae
1055 631 1082 656 Α
1111 617 1155 655 in
1184 630 1241 656 ΛΝ
1271 631 1341 669 pro
1371 617 1477 655 linea
1513 622 1736 657 transversa
1769 623 1918 669 puncta
1946 617 2181 670 interposita

427 688 531 736 sunt,
572 689 735 735 excepto
768 685 936 724 Anm'dio
966 687 1170 726 vocabulo.

486 753 675 791 Stenionte
705 753 875 792 Docilico
907 749 1015 810 (An)
1048 755 1214 794 Annidio
1240 761 1346 807 yeme
1373 755 1573 794 monimum

492 822 631 874 Couqio
672 821 812 861 Viseico
843 823 1042 862 monimam
2032 875 2036 880 .

485 891 654 930 Dec-ilico
685 892 816 941 gentis
847 907 992 932 nomen
1024 898 1084 932 est
1112 893 1191 931 iam
1221 898 1359 931 notum
1395 891 1446 945 (ΙΙ
1478 890 1614 944 2816),
1654 893 1909 943 eiusdemque
1938 892 2026 933 sine
2056 894 2179 935 dubio

425 961 581 1011 generis
628 960 784 1014 Vism'eo,
834 976 1005 1011 quocum
1043 962 1132 1001 Fita
1169 961 1409 1013 comparavit
1455 962 1632 1000 Viscunos
1668 961 1745 1001 viri
1783 975 1930 1001 nomen
1971 959 2023 1015 (11
2052 964 2176 1004 2809.

427 1027 569 1081 2810),
601 1035 813 1079 utrumque
836 1044 883 1068 ex
906 1045 952 1069 eo
974 1030 1263 1070 indicationum
1290 1044 1467 1083 numero,
1501 1045 1600 1080 quae
1621 1032 1752 1070 solent
1781 1031 1824 1069 in
1854 1031 1974 1070 huius
2003 1031 2180 1082 regionis

425 1098 555 1154 titulis
585 1099 682 1149 poni
711 1099 895 1150 genetivo
926 1100 1087 1151 plurali,
1116 1114 1187 1150 pro
1220 1096 1456 1153 Docilico(m)
1487 1097 1705 1155 Visoico(m).
1759 1101 1898 1151 Itaque
1925 1096 2032 1152 qanto
2060 1114 2195 1158 voca-3

424 1168 583 1220 bulum,
627 1169 734 1217 quod
770 1169 901 1218 aliqua
938 1169 1091 1207 ratione
1129 1170 1306 1228 abundat
1335 1183 1465 1219 neque
1496 1170 1654 1213 additur
1683 1169 1726 1208 in
1756 1169 1874 1208 titulo
1905 1159 2049 1225 altero,
2083 1182 2179 1208 con-

423 1235 673 1286 iungendum
717 1241 777 1276 est
821 1238 1044 1276 necessario
1091 1251 1181 1276 cum
1219 1237 1388 1276 Docilico
1425 1243 1463 1276 et
1502 1238 1667 1277 Annidio
1704 1224 1933 1291 vocabulis,
1949 1225 1951 1229 ¹
1969 1251 2052 1277 non
2088 1251 2179 1277 cum

423 1305 632 1344 monimam.
710 1306 891 1365 Ablativi
937 1306 1124 1345 Stenionte
1163 1311 1202 1345 et
1251 1307 1388 1358 Couqio
1440 1307 1537 1356 quid
1580 1306 1806 1357 significent
1847 1307 2062 1357 incertum3
2105 1321 2191 1366 pro,

424 1375 589 1413 deorum
627 1375 925 1426 peregrinorum
960 1375 1192 1414 nominibus
1231 1376 1362 1415 dativo
1403 1376 1545 1427 positis
1584 1390 1666 1415 non
1704 1381 1802 1427 puto
1841 1375 2046 1415 habendos
2076 1389 2174 1429 esse,

424 1456 514 1482 cum
554 1445 718 1482 deorum
757 1444 1000 1483 Ibericorum
1040 1445 1201 1483 nomina
1249 1459 1410 1495 prorsus
1458 1445 1655 1485 differant.
1729 1447 1815 1484 Nec
1850 1445 1967 1484 facile
2012 1445 2178 1501 deorum

423 1512 586 1550 nomina
618 1526 707 1551 cum
738 1513 918 1563 gentium
949 1513 1140 1563 coniungi
1169 1518 1406 1564 potuerunt,
1438 1518 1640 1564 praeterea
1668 1513 1986 1554 desiderarentur
2014 1513 2178 1554 nomina

424 1581 711 1634 dedicantium,
753 1583 787 1620 si
827 1582 1008 1621 Docilico
1050 1587 1088 1620 et
1126 1582 1283 1621 Viscico
1322 1583 1502 1632 gentium
1539 1568 1805 1622 indicationes
1842 1587 1952 1636 sunt,
1994 1588 2040 1622 ut
2078 1583 2175 1636 dixi,

422 1663 504 1688 non
536 1651 713 1689 virorum
743 1651 917 1690 nomina.
981 1652 1134 1690 Stenion
1173 1656 1212 1690 et
1253 1652 1412 1703 Couyc‘us
1442 1652 1605 1691 nomina
1634 1653 1696 1691 hic
1725 1652 1899 1702 primum
1928 1656 2177 1702 comparent3

424 1733 515 1757 cum
554 1719 717 1758 nomina
754 1720 906 1759 Iberica
944 1721 994 1759 ab
1031 1725 1084 1758 st-
1122 1720 1357 1771 incipientia
1396 1725 1532 1759 extent
1570 1722 1682 1759 nulla
1718 1743 1777 1749 -—
1813 1735 1906 1760 nam
1935 1735 1954 1759 ⁸
1982 1721 2179 1772 impuram

422 1788 539 1826 initio
578 1790 863 1827 vocabulorum
897 1789 1037 1839 lingua
1073 1789 1143 1828 illa
1178 1803 1304 1840 paene
1336 1794 1562 1829 constanter
1598 1790 1698 1830 vitat
1728 1813 1800 1843 —,
1839 1789 1926 1830 fieri
1964 1794 2095 1842 potest
2134 1795 2203 1828 ut.

423 1857 576 1896 Stem'on
606 1859 804 1897 Graecum
834 1855 1010 1898 Σθενίων
1043 1858 1095 1896 sit
1126 1873 1148 1896 a
1179 1855 1335 1904 σθένιος
1366 1859 1606 1909 derivatum,
1639 1872 1878 1909 quamquam
1907 1859 2064 1898 nullum
2093 1858 2179 1897 eius

422 1927 647 1977 exemplum
677 1927 783 1966 novi.
845 1926 1012 1966 Annidio
1051 1931 1211 1976 gentem
1249 1928 1447 1978 significat
1482 1933 1528 1967 ut
1567 1928 1721 1967 Viscico.
1792 1927 1959 1967 Stenion
1994 1927 2177 1966 Docilico
2215 1972 2216 1979 ἵ

421 2001 537 2044 gente
579 1996 846 2035 Annidiorum
892 1999 1058 2035 fortasse
1103 1996 1253 2035 indicat
1293 1997 1541 2036 Steniontem
1589 1997 1760 2036 Annidii
1799 1997 1968 2037 alicuius
2005 1996 2178 2036 Romani

423 2078 579 2103 servum
613 2064 850 2103 libertumve
880 2065 1119 2115 Hispanum.
1185 2066 1344 2117 θουρίαις
1381 2072 1485 2105 certo
1524 2065 1806 2105 Celtibericum
1841 2079 1932 2106 cum
1966 2061 2176 2120 Κωούγιον

422 2136 692 2173 Vaccaeorum
732 2133 880 2184 oppido
921 2133 1099 2186 (Ptolem.
1131 2136 1170 2173 11
1202 2137 1239 2187 6,
1271 2136 1322 2173 49
1364 2135 1527 2187 Couyion
1563 2134 1657 2174 inde
1686 2137 1898 2174 Ravennae
1935 2149 1974 2187 p.
2010 2136 2104 2187 313,
2138 2133 2176 2186 6)

423 2204 741 2253 componendum
787 2207 864 2253 est3
912 2217 959 2242 ou
999 2203 1270 2254 diphthongus
1309 2205 1496 2254 frequens
1536 2208 1595 2243 est
1630 2204 1673 2243 in
1711 2203 1875 2243 vocibus
1915 2203 2174 2243 Celtibericis.

421 2272 600 2310 Ablativi
638 2276 793 2310 vetusta
831 2271 990 2311 dicendi
1029 2273 1316 2311 consuetudine
1363 2273 1482 2312 etiam
1523 2274 1572 2312 de
1611 2273 1792 2324 personis
1829 2272 2013 2324 usurpati
2051 2271 2178 2328 signi-

420 2342 536 2380 ficare
568 2345 735 2391 possunt
755 2354 778 2379 a
799 2341 1004 2380 Stenionte
1035 2346 1075 2380 et
1104 2342 1258 2394 Cougio
1288 2343 1351 2381 vel
1381 2356 1453 2393 per
1482 2342 1731 2381 Steniontem
1761 2346 1802 2381 et
1822 2341 2031 2392 Cougium.
2082 2343 2176 2380 Non

420 2409 547 2460 magis
576 2410 833 2460 perspicuum
863 2415 923 2449 est
953 2410 1049 2460 quid
1076 2411 1275 2450 monimum
1305 2411 1502 2461 significet
1524 2411 1568 2450 in
1588 2415 1756 2461 utroque
1785 2410 1904 2450 titulo
1925 2414 2172 2461 usurpatum.

421 2479 464 2516 Si
494 2480 588 2517 deae
619 2492 766 2517 nomen
806 2484 882 2531 est,
916 2480 1184 2519 accusativum
1213 2494 1294 2519 non
1325 2480 1607 2531 intellegimus.
1669 2481 1730 2518 De
1751 2481 1880 2519 forma
1907 2480 2073 2518 barbara
2102 2493 2180 2530 prou

420 2548 664 2586 monimento
697 2561 813 2586 nemo
846 2548 1055 2599 cogitabit;
1086 2563 1216 2599 neque
1247 2553 1404 2599 paterae
1446 2562 1578 2588 sacrae
1611 2548 1691 2587 dici
1719 2553 1888 2600 possunt
1917 2547 2172 2587 monimenta.

419 2619 549 2655 Paene
580 2617 812 2655 crediderim
841 2617 1001 2657 monima
1020 2618 1258 2657 vocabulum
1289 2631 1374 2656 esse
1405 2619 1572 2656 fortasse
1593 2617 1789 2656 Ibericum
1818 2622 1994 2669 pateram
2024 2630 2176 2656 sacram

420 2680 661 2735 significans.
724 2687 844 2728 Quod
874 2686 940 2725 dei
969 2688 1115 2726 deaeve
1145 2701 1310 2740 nomen,
1350 2686 1414 2725 cui
1444 2700 1577 2726 sacrae
1609 2691 1739 2739 erant,
1779 2687 1906 2739 deest,
1948 2690 2080 2737 potest
2113 2686 2176 2724 vel

421 2754 612 2804 explicari
645 2755 708 2793 vel
745 2755 927 2794 excusari
956 2762 1118 2807 propter
1147 2756 1289 2808 locum,
1323 2756 1516 2806 templum
1546 2760 1643 2806 puto
1676 2756 1874 2808 fanumve,
1905 2754 1977 2793 ubi
2006 2741 2175 2794 colloca-

418 2825 576 2863 bantur.
637 2826 750 2863 Haec
781 2825 915 2863 omnia
946 2824 1214 2863 consideranti
1244 2824 1457 2875 explicatio
1488 2824 1798 2877 simplicissima,
1838 2823 1989 2863 scilicet
2018 2828 2063 2862 ut
2092 2825 2175 2862 Do-

421 2891 536 2930 cilico
557 2887 806 2947 Annidio(m)
836 2898 954 2946 gente
985 2898 1024 2931 et
1053 2893 1211 2932 Viscico
1243 2893 1443 2932 Stenionti
1473 2898 1513 2932 et
1543 2893 1696 2944 Cougio
1728 2892 1814 2932 deis
1843 2891 2060 2932 monimam
2091 2891 2174 2931 sive

418 2966 594 3011 pateram
623 2962 816 3015 dederint,
848 2963 1054 3013 probanda
1083 2976 1165 3001 non
1194 2962 1406 3001 videbitur.

476 3030 565 3068 Fita
595 3031 803 3069 Monimam
832 3031 1061 3081 genetivum
1081 3031 1247 3081 pluralis
1266 3030 1462 3069 Ibericum
1482 3032 1659 3083 putabat,
1691 3030 1762 3080 qui
1781 3034 1942 3080 gentem
1961 3028 2171 3080 indicaret3

420 3094 601 3152 Μόνιμος
633 3101 827 3138 Graecum
859 3113 1079 3150 cognomen
1110 3113 1158 3138 ex
1188 3099 1306 3138 titulo
1336 3100 1503 3138 Pacensi
1534 3098 1586 3152 (Π
1618 3096 1685 3151 68)
1715 3101 1793 3138 huc
1828 3100 2062 3137 trahendum
2091 3111 2177 3137 nont

420 3172 512 3206 erat.
576 3169 654 3206 Sed
674 3168 756 3206 scio
779 3168 898 3207 etiam
920 3182 965 3206 ea
987 3182 1087 3217 quae
1116 3168 1202 3218 ipse
1232 3167 1423 3219 proposui
1443 3167 1594 3206 incerta
1615 3177 1718 3218 esse;
1751 3171 1855 3206 certa
1885 3166 2171 3220 interpretatio,

420 3236 500 3274 nisi
529 3236 782 3287 reperiuntur
812 3237 970 3288 similia,
1002 3237 1068 3275 vix
1098 3237 1244 3287 poterit
1273 3236 1455 3287 proponi.

476 3305 554 3343 Hic
598 3305 733 3357 posui,
781 3319 863 3344 non
906 3306 1010 3343 inter
1049 3305 1304 3345 instrumenti
1343 3319 1380 3354 q.
1413 3319 1449 3344 v.
1491 3304 1698 3343 domestici
1733 3303 2032 3356 inscriptiones,
2078 3303 2172 3353 quia

419 3378 575 3424 paterae
596 3375 670 3412 hae
690 3374 874 3429 videntur
895 3375 1027 3423 aliqua
1048 3374 1202 3413 ratione
1224 3375 1273 3412 ad
1295 3374 1485 3424 oppidum
1515 3373 1723 3425 pertinere,
1753 3372 1825 3411 ubi
1854 3372 2038 3411 inventae
2061 3378 2167 3411 sunt.
