2216 3796
398 1212 682 1286 NVMMI
727 1211 1080 1287 AVGVSTI
1120 1213 1225 1285 ΕΤ
1259 1212 1704 1287 DOMITIANI
1740 1148 1851 1287 AD
1886 1214 2206 1310 LVDOS

691 1334 1221 1409 SAEOVLARES
1273 1336 1846 1410 PERTINENTES

394 1648 554 1731 Actis
583 1692 764 1730 ludorum
796 1692 1054 1731 saecularium
1084 1693 1304 1743 imperante
1325 1696 1508 1744 Augusto
1537 1695 1821 1734 celebratorum
1849 1694 2014 1748 feliciter
2041 1708 2149 1734 recu·
2207 1704 2216 1727 ἰ

394 1761 562 1809 peratis,
602 1772 780 1797 nummos
811 1767 903 1809 post
933 1761 1130 1799 saeculum
1161 1762 1201 1799 in
1231 1762 1459 1799 memoriam
1491 1763 1751 1800 saecularium
1781 1762 1998 1801 Domitiani
2031 1775 2148 1802 cusos

394 1828 456 1864 hic
486 1840 721 1877 componere
750 1834 789 1865 et
817 1828 1040 1866 accuratius
1071 1841 1274 1867 recensere
1303 1829 1430 1878 iuvat,
1466 1843 1553 1867 cum
1585 1843 1635 1867 ex
1665 1830 1713 1868 iis
1742 1831 1821 1868 iam
1857 1836 2028 1878 constet,
2067 1830 2147 1870 Do-

2198 1078 2210 1116 ξ

2200 914 2216 1000 1

2199 1002 2216 1077 1

2201 1076 2216 1194 1

2198 1219 2216 1278 11

2195 1268 2216 1415 1

2200 1421 2209 1444 t

2200 1442 2212 1466 Ι)

2213 1735 2216 1793 1

2214 1796 2216 1827 Ι

2214 1839 2216 1852 Ι

395 1895 596 1933 mitianum
627 1895 741 1933 ludos
772 1893 867 1934 suos
898 1896 947 1933 ad
979 1897 1196 1935 saecularia
1225 1899 1461 1948 Augustana
1489 1898 1730 1947 applicuisse
1760 1898 1833 1942 ita,
1873 1905 1926 1939 ut
1944 1898 2005 1937 his
2033 1898 2149 1949 plane
2214 1910 2216 1956 3

392 1964 684 2013 responderent.

505 2031 565 2068 Ad
596 2031 911 2069 suffimentorum
943 2033 1258 2071 distributionem
1289 2040 1328 2071 et
1357 2034 1407 2071 ad
1437 2034 1593 2084 frugum
1624 2034 1903 2084 acceptionem,
1931 2047 2033 2085 quae
2058 2035 2148 2086 ipsa
2212 2052 2216 2058 ·

394 2111 508 2137 sacra
538 2099 838 2148 praecedebant,
869 2101 1067 2150 pertinent
1096 2103 1244 2139 nummi
1275 2102 1385 2140 aenei
1405 2101 1626 2140 Domitiani
1656 2102 1732 2139 duo
1762 2101 1914 2152 gemelli
1943 2103 1984 2141 in
2014 2102 2148 2141 tabula

392 2166 693 2216 phototypiea1)
725 2168 798 2205 sub
830 2181 891 2205 nn.
917 2168 939 2205 2
971 2174 1010 2205 et
1040 2169 1061 2206 3
1079 2182 1114 2206 a.
1138 2169 1158 2206 b
1188 2170 1370 2219 expressi

474 2248 509 2272 n.
533 2234 556 2272 2
588 2233 758 2283 (Cohen,
791 2236 851 2272 ed.
884 2234 921 2281 2,
950 2236 1205 2275 Domitianus
1236 2250 1273 2275 n.
1296 2237 1384 2286 81):
1424 2237 1491 2275 Ad
1523 2239 1650 2276 aedem
1684 2244 1860 2288 quattuor
1893 2235 2147 2292 columnarum

592 2305 811 2340 striatarum
848 2306 994 2352 ρεπεν-τὶς
1031 2312 1071 2342 ut
1108 2306 1256 2343 videtur
1289 2304 1473 2343 Corinthii
1508 2307 1610 2344 sedet
1644 2308 1704 2343 vir
1740 2313 1887 2356 toqatus
1923 2305 2148 2356 (imperator

592 2378 657 2408 aut
688 2370 734 2408 X
746 2371 855 2419 Vvir)
891 2374 931 2408 in
966 2372 1160 2419 tribunali,
1199 2375 1258 2411 cui
1291 2375 1470 2423 imposita
1503 2380 1592 2411 sunt
1625 2375 1698 2412 duo
1728 2376 1895 2413 canistra
1923 2380 1956 2412 ez
1985 2375 2146 2423 inscrip-

594 2445 669 2475 tum
705 2444 759 2475 est
790 2445 1007 2483 svrozmema)
1038 2447 1172 2485 mapula)
1202 2448 1336 2486 D(ed··e);
1372 2447 1457 2478 ante
1487 2442 1655 2479 tribunal
1683 2443 1743 2479 vir
1771 2439 1964 2491 toyatuffl)
1992 2447 2027 2479 et
2050 2453 2148 2490 puer

591 2508 676 2544 item
706 2512 868 2555 togatus,
904 2519 1063 2555 quorum
1091 2509 1157 2546 ille
1186 2509 1234 2546 ab
1263 2511 1487 2558 imperatore
1510 2516 1762 2559 purqamenta
1790 2508 1941 2559 accipit,
1979 2509 2039 2547 hie
2066 2521 2144 2546 ma-

591 2586 662 2610 nus
693 2574 882 2623 supplices
913 2576 1039 2612 tendit.

659 2640 775 2678 Pueri
805 2643 1030 2690 praesentia
1066 2655 1193 2693 neque
1222 2644 1386 2682 fortuita
1415 2651 1475 2683 est
1506 2657 1631 2694 neque
1661 2657 1918 2695 supervacua,
1957 2644 2026 2683 sed
2054 2644 2145 2682 inde

590 2709 838 2759 explicanda,
883 2710 988 2759 quod
1025 2711 1132 2748 cives
1168 2723 1247 2748 una
1283 2724 1371 2748 cum
1412 2712 1642 2762 coniugibus
1678 2719 1715 2750 et
1752 2713 1885 2750 liberis
1924 2713 2146 2751 suffimenta

592 2777 779 2826 petebant
807 2776 873 2825 (cf.
906 2784 1079 2816 actorum
1112 2791 1171 2816 vv.
1196 2779 1356 2817 65—68
1387 2786 1425 2817 et
1454 2793 1552 2831 quae
1583 2793 1606 2816 a
1635 2780 1880 2818 Mommseno
1910 2780 2146 2818 adnotantur

590 2857 628 2893 p.
652 2844 764 2892 250).

444 2924 480 2947 n.
505 2912 561 2948 3a
593 2910 751 2960 (Cohen
783 2926 819 2949 n.
843 2913 932 2962 83):
971 2914 1037 2951 Ad
1064 2916 1191 2952 aedem
1227 2922 1403 2964 quattuor
1437 2915 1496 2964 (in
1530 2917 1620 2954 aliis
1657 2915 1928 2966 exemplaribus
1963 2916 2143 2966 quinque)

589 2981 849 3018 columnarum
878 2984 1104 3019 striatarum
1131 2985 1277 3031 yeneris
1308 2982 1490 3021 Corinthii
1524 2984 1582 3033 (in
1601 2984 1787 3033 fastiqio:
1818 2982 1975 3032 corona)
2005 2985 2064 3020 vir
2092 2990 2142 3021 to-

586 3053 699 3096 9atus
739 3047 962 3098 (imperator
997 3056 1064 3087 aut
1091 3049 1138 3087 X
1142 3049 1259 3099 Vvir)
1302 3051 1338 3087 d.
1368 3057 1545 3100 pateram
1582 3057 1705 3089 tenens
1739 3052 1841 3089 sedet
1873 3053 1912 3088 in
1949 3051 2140 3097 tribunali,

490 3212 520 3252 ¹)
547 3214 592 3245 N.
616 3215 646 3245 1.
674 3215 705 3246 5.
734 3214 796 3246 aa.
818 3215 837 3246 8
865 3215 909 3247 ad
935 3217 1143 3257 exemplaria
1168 3218 1274 3248 musei
1301 3217 1450 3250 Parisini
1537 3228 1680 3259 quorum
1718 3221 1839 3259 ectypa
1874 3226 2042 3259 gypsacea
2079 3217 2140 3248 mi-

546 3285 579 3305 n.
601 3275 672 3306 3α.
700 3276 733 3307 4.
772 3273 834 3307 eb.
872 3278 928 3308 11.
968 3278 1010 3308 15
1046 3277 1088 3309 ad
1125 3278 1333 3320 exemplaria
1365 3279 1471 3310 musei
1536 3284 1651 3310 serunt
1682 3278 1719 3310 L.
1748 3278 1899 3309 Babelon
1932 3282 1966 3309 et
1997 3277 2140 3318 Barclay

654 3335 894 3368 Londiniensis
1536 3340 1631 3371 Head

545 3395 1194 3431 n.2.3b.7.9.10.12—14.16.
1226 3399 1267 3430 17
1295 3399 1338 3431 ad
1365 3400 1572 3441 exemplaria
1599 3400 1704 3431 musei
1730 3399 1969 3431 Berolinensis.

486 3453 518 3495 ²)
546 3456 665 3488 Cohen
692 3458 866 3490 mulierem
893 3468 966 3490 esse
993 3459 1085 3499 dicit,
1112 3469 1236 3491 errore.
