2216 3796
375 313 468 359 346
1055 325 1412 359 ADDITAMENTA

371 441 527 490 dignum
557 451 646 478 esse
677 450 830 476 censeo.
880 437 1087 487 Quodnam
1109 452 1202 477 vero
1230 441 1447 478 aedificium
1477 452 1524 478 eo
1550 421 1882 489 repraesentatum
1904 441 1967 487 sit,
1998 452 2115 490 quae-
2160 439 2162 442 ’

371 509 504 545 rimus.
564 507 625 544 De
656 507 862 556 tetrastylo
891 507 1079 556 cogitavit
1100 508 1278 554 Abekeu,
1308 508 1355 544 de
1377 506 1570 546 Caesareo
1598 507 1883 553 Melchiorrius,
1913 515 2116 558 utrumque

371 576 407 611 in
440 575 566 611 medio
596 574 782 622 relinquit
811 573 859 611 de
878 573 997 611 Rossi
1029 574 1192 623 (Annali
1218 575 1317 613 1858
1349 589 1383 625 p.
1408 575 1493 623 58).
1547 574 1817 624 Tetrastylum
1849 587 1944 613 sane
1973 576 2011 613 in
2028 586 2116 625 quo
2169 616 2171 620 ,

370 643 570 679 duodecim
607 642 776 679 Arvales
811 641 1062 691 epularentur
1091 642 1309 680 aedificium
1346 643 1562 692 spatiosum
1600 648 1637 679 et
1672 642 1841 692 amplum
1878 643 2003 682 fuine
2034 654 2117 681 cre·
2173 677 2175 680 .

371 709 537 746 dendum
569 715 645 746 est:
685 707 881 746 Caesareo
913 709 995 746 sive
1032 709 1151 747 heroo
1188 710 1455 747 defunctorum
1493 710 1772 758 imperatorum
1812 709 1969 748 minime
2001 716 2116 760 aptae
2168 718 2170 720 '

371 783 460 813 sunt
489 776 759 825 inscriptiones
790 777 845 813 ita
875 783 1084 825 conceptae
1122 783 1164 814 ut
1193 778 1293 815 vivis
1330 777 1530 814 dedicatae
1562 777 1784 821 videantur,
1825 776 2003 815 fortasse·
2020 784 2119 827 -post

369 844 669 893 cooptationem.
736 842 907 881 Omnino
937 844 974 880 id
1007 844 1215 882 tenendum
1248 851 1317 892 est,
1350 844 1564 882 aediculam
1598 845 1792 894 pertinere
1821 844 1870 882 ad
1896 845 2119 884 novissima

369 912 524 961 collegii
556 918 731 959 tempora
747 911 797 960 ¹),
828 918 865 948 et
895 911 1076 958 fortasse,
1108 912 1300 961 siquidem
1331 925 1381 950 ex
1412 912 1559 950 ultimis
1590 913 1719 950 verbis
1751 911 1899 950 Perutii
1924 917 2118 951 restaura-

369 986 442 1016 tum
477 980 524 1017 ab
553 979 774 1028 Antoni[n]o
811 979 1072 1017 coniecturam
1110 992 1249 1028 capere
1286 980 1392 1024 licet,
1430 993 1453 1017 a
1488 979 1692 1019 Gordiano
1726 980 1946 1018 restitutam
1981 978 2117 1018 fuisse.
2156 979 2185 1005 Τ

370 1048 499 1096 Atque
529 1047 715 1084 hactenus
745 1047 900 1095 quidem
933 1047 981 1084 de
1009 1047 1196 1084 aedicula.

479 1115 558 1152 Iam
589 1121 834 1152 transeamus
866 1114 915 1151 ad
945 1127 991 1152 ea
1020 1114 1197 1152 aedificia
1226 1127 1326 1164 quae
1361 1115 1462 1152 inter
1493 1116 1594 1153 viam
1626 1113 1870 1165 Campanam
1905 1121 1944 1153 et
1966 1113 2118 1152 *nouem
2178 1124 2184 1155 .‘

369 1182 445 1219 sita
475 1190 597 1219 erant.
654 1183 714 1219 Ac
744 1195 867 1231 pauca
896 1181 1050 1231 quidem
1084 1182 1297 1230 praefanda
1326 1188 1416 1220 sunt
1445 1184 1492 1222 de
1523 1183 1635 1220 titulo
1664 1195 1778 1232 quem
1809 1182 1858 1220 ad
1878 1179 2118 1220 Omni-eum

369 1249 604 1299 pertinuisse
634 1250 800 1287 coniecit
828 1249 1052 1286 Henzenus.
1112 1249 1157 1286 In
1190 1257 1301 1299 parte
1330 1248 1509 1288 orientali
1541 1250 1707 1288 aedificii
1737 1249 1909 1294 rotundi,
1934 1261 2024 1288 eum
2054 1260 2117 1288 so·
2172 1247 2173 1254 ¹

369 1317 446 1354 lum
488 1317 766 1354 effossionibus
807 1322 1034 1366 temptatum
1075 1323 1136 1354 est
1174 1330 1207 1354 a.
1244 1317 1344 1355 1867
1384 1319 1583 1368 apparuit,
1630 1326 1671 1355 ut
1707 1324 1874 1356 testatur
1909 1315 2118 1356 Henzenus
2186 1365 2190 1374 ζ

370 1397 404 1433 p.
427 1384 505 1422 XV
536 1381 678 1422 ‘moles
710 1385 828 1434 plana
857 1384 988 1432 operis
1021 1387 1160 1422 vetusti
1197 1398 1246 1422 ex
1275 1385 1383 1423 calce
1419 1392 1456 1423 et
1492 1386 1612 1435 topho
1650 1385 1885 1435 composita3
1920 1390 1959 1422 et
1997 1396 2119 1436 prope

369 1465 454 1489 eam
485 1464 583 1490 saxa
613 1464 753 1501 magna
789 1463 1007 1489 marmorea
1042 1451 1187 1489 effossa
1224 1459 1333 1499 sunt,
1372 1453 1451 1489 alia
1484 1453 1618 1499 rudia,
1655 1453 1734 1491 alia
1769 1452 1915 1491 affabre
1950 1452 2116 1503 sculpta,
2184 1487 2209 1500 ,

368 1520 469 1557 inter
497 1532 596 1568 quae
625 1520 842 1569 fragmenta
872 1519 1065 1568 quaedam
1096 1520 1276 1558 iacebant
1303 1526 1517 1558 statuarum
1540 1527 1580 1558 et
1598 1521 1913 1571 anaglyphorum
1934 1519 2118 1559 frustula·

368 1599 442 1636 que
473 1587 663 1643 nonnulla
692 1593 866 1624 actorum
898 1583 1130 1624 Arvalium'.
1196 1586 1434 1637 Fragmenta
1471 1588 1576 1625 edita
1613 1589 1661 1626 ab
1690 1588 1880 1626 Henzeno
1915 1587 2118 1637 (relazione
2180 1598 2186 1618 -’

368 1668 405 1705 p.
428 1654 507 1702 XI,
548 1655 650 1691 Acta
680 1667 715 1704 p.
738 1654 874 1691 XXII.
905 1653 1070 1700 XXIII3
1107 1667 1131 1692 a
1160 1652 1206 1693 C.
1225 1655 1254 1692 Ι.
1272 1654 1318 1692 L.
1352 1655 1429 1692 vol.
1451 1655 1509 1693 VI
1538 1656 1669 1705 abest)
1707 1662 1846 1705 postea
1873 1655 1911 1693 in
1941 1667 2116 1694 museum
2183 1678 2186 1686 ε

367 1722 559 1760 translata
594 1729 631 1758 et
666 1722 808 1760 rectius
845 1722 1062 1770 composita
1106 1717 1213 1769 sunt,
1257 1728 1494 1772 quapropter
1537 1723 1600 1760 hic
1643 1729 1777 1772 repeto
1820 1723 2024 1762 lectionem
2067 1722 2118 1760 ad
2174 1740 2175 1747 ¹

368 1796 549 1840 ectypum
578 1789 762 1827 collatam
776 1802 785 1826 t

570 1891 628 1938 Nl
656 1829 1127 2010 RA-iffl-leVffs
1575 1909 1638 1940 litt.
1665 1909 1721 1940 ait.
1749 1909 1918 1943 m.o.1s5

976 1973 1002 2010 F
1022 1974 1056 2011 R
1096 1994 1109 2011 ι
1814 1982 1920 2015 0.]65

575 2071 649 2106 (...
677 2076 719 2097 m.
743 2066 823 2097 1.4o
849 2071 901 2107 ..>
1037 2005 1094 2085 s
1175 2066 1179 2069 ’
1244 2026 1436 2117 (ἑῇ
1813 2065 1919 2099 0.175

1246 2121 1302 2171 &1
1322 2144 1357 2167 r-
1380 2165 1388 2172 .
1815 2140 1898 2172 0.14

476 2273 594 2312 Recte
626 2273 782 2324 negavit
807 2273 1033 2320 Henzenus,
1064 2274 1284 2325 fragmenta
1313 2274 1368 2311 ita
1397 2274 1582 2324 coniungi
1610 2286 1726 2323 posse
1755 2281 1795 2312 ut
1820 2284 1965 2312 FRAerEs
1991 2286 2115 2313 Anates

366 2341 456 2378 inde
494 2341 700 2379 efficiatur:
740 2354 818 2379 non
856 2341 982 2379 solum
1018 2347 1203 2391 punctum
1238 2342 1339 2380 inter
1374 2352 1393 2380 s
1428 2351 1466 2379 et
1499 2354 1525 2379 Α
1559 2342 1762 2389 deficiens,
1802 2343 1871 2380 sed
1901 2341 2116 2380 litterarum

368 2409 594 2460 magnitudo
624 2421 718 2447 sane
748 2409 905 2446 diversa
934 2409 1097 2458 impedit
1126 2410 1333 2459 quominus
1363 2409 1411 2446 ad
1443 2422 1559 2447 unum
1590 2421 1743 2447 versum
1775 2410 2012 2461 pertinuisse
2031 2423 2113 2449 cre·

366 2477 516 2514 damus.
567 2476 767 2515 Tenemus
797 2477 916 2526 igitur
946 2477 1133 2526 reliquias
1163 2477 1267 2514 tituli
1298 2478 1441 2526 magni,
1471 2478 1651 2515 versibus
1683 2489 1758 2515 non
1787 2477 1912 2516 minus
1933 2483 2116 2527 quattuor

366 2544 591 2594 conscripti,
622 2544 775 2582 exarati
805 2557 883 2583 non
915 2545 953 2581 in
981 2544 1113 2594 lapide
1134 2557 1224 2590 uno,
1255 2544 1323 2581 sed
1346 2544 1522 2583 duobus:
1554 2558 1643 2582 nam
1664 2557 1784 2595 supra
1803 2545 1952 2583 Valerii
1973 2557 2115 2590 nomen
2185 2540 2204 2603 {3

366 2618 404 2649 et
431 2612 533 2649 infra
562 2612 713 2650 litteras
743 2623 817 2650 FRA
847 2612 969 2649 sectio
999 2612 1143 2661 lapidis
1173 2612 1335 2661 antiqua
1364 2625 1489 2662 eaque
1519 2612 1639 2662 plana
1666 2618 1788 2651 extat.
1845 2612 1897 2650 M.
1915 2612 2114 2651 Valerium
2183 2609 2202 2648 ’.’

365 2679 589 2717 Trebicium
626 2680 837 2718 Decianum
868 2680 935 2729 qui
971 2679 1011 2716 in
1048 2679 1146 2717 actis
1183 2680 1323 2717 aetatis
1352 2679 1548 2718 Traianae
1585 2681 1744 2731 saepius
1779 2686 2114 2728 commemoratur,

469 2807 498 2848 ¹)
533 2809 573 2840 Id
607 2809 774 2840 effecerim
806 2818 848 2840 ex
879 2808 965 2840 serie
996 2808 1254 2850 imperatorum,
1289 2818 1374 2850 quae
1407 2809 1441 2841 in
1475 2819 1514 2842 ea
1544 2809 1720 2851 proposita
1750 2812 1861 2849 erant,
1897 2809 2027 2841 scilicet
2054 2809 2113 2841 ad-

366 2875 443 2900 sunt
468 2870 662 2902 Hadrianus
687 2869 739 2908 (Ο.
754 2869 783 2902 Ι.
798 2870 836 2902 L.
863 2869 926 2909 VI,
954 2868 1050 2909 968),
1079 2870 1274 2902 Antoninus
1302 2870 1383 2902 Pius
1410 2869 1467 2910 (ib.
1500 2870 1616 2910 1000),
1643 2870 1691 2902 M.
1718 2870 1878 2902 Aurelius
1905 2869 1966 2911 (ib.
1996 2869 2112 2910 1012),

366 2930 404 2961 L.
432 2931 540 2963 Verus
562 2930 630 2970 -(ib.
662 2930 779 2970 1021),
813 2931 1008 2962 Antoninus
1035 2930 1152 2964 Severi
1178 2930 1202 2962 f.
1230 2930 1287 2969 (ib.
1318 2929 1441 2971 1053),
1475 2930 1670 2964 Gordianus
1695 2929 1754 2971 (ib.
1785 2930 1907 2981 109322
1938 2930 2060 2973 quibus
2085 2931 2113 2963 si
2176 2941 2187 2958 ·ι

366 2992 537 3023 addideris
564 2991 789 3024 Commodum
809 2991 1020 3023 Pertinacem
1048 2991 1295 3031 Alexandrum,
1322 2991 1426 3024 habes
1445 3002 1628 3024 ,numerum
1653 2992 1820 3034 integrum
1844 3001 1963 3024 eorum
1988 2992 2045 3035 qui
2070 2991 2113 3023 ab
2174 3000 2199 3037 μγ

366 3053 541 3085 Hadriano
567 3053 612 3085 ad
637 3053 872 3085 Alexandrum
899 3063 1039 3094 regnum
1064 3052 1281 3085 obtinuerunt
1305 3057 1339 3084 et
1369 3063 1513 3095 quorum
1543 3053 1708 3085 memoria.
1737 3056 1815 3095 post
1843 3056 1986 3085 mortem
2018 3053 2112 3086 dam·
2180 3056 2182 3076 ἰ

365 3118 448 3146 nata
481 3123 548 3145 non
581 3118 640 3146 est.
693 3114 848 3146 Ceterum
883 3114 978 3146 bases
1010 3123 1128 3146 novem
1158 3114 1239 3145 locis
1265 3114 1412 3156 antiquis
1438 3114 1510 3146 visa
1535 3123 1607 3146 esse
1633 3123 1653 3146 a
1678 3114 1815 3146 Perutio
1840 3118 2018 3146 auctoreve
2042 3115 2114 3146 eius

366 3184 435 3206 non
472 3185 535 3216 pro
572 3179 662 3207 certo
701 3175 941 3207 affirmaverim
974 3180 1113 3216 propter
1147 3175 1302 3216 spatium.
1364 3175 1473 3207 Unica
1504 3185 1590 3217 quae
1622 3178 1773 3217 superest
1804 3174 1894 3206 basis
1927 3173 1975 3215 (n.
2002 3175 2110 3215 10123
2172 3183 2179 3193 ‘

366 3246 455 3267 nunc
480 3237 515 3267 in
543 3246 659 3267 museo
678 3236 857 3276 Vaticano,
887 3234 1051 3267 Giardino
1071 3234 1161 3267 della
1178 3234 1303 3278 Piyna)
1332 3236 1399 3267 ima
1424 3240 1519 3277 parte
1536 3236 1605 3268 lata
1623 3240 1673 3267 est
1697 3245 1741 3267 m.
1761 3234 1860 3267 0.89ι
1893 3234 1986 3267 linea
2009 3245 2111 3268 curva

366 3297 492 3338 apsidis
519 3302 699 3329 metrorum
728 3299 771 3328 10
804 3307 996 3328 mensuram
1027 3298 1211 3329 excessisse
1244 3307 1311 3328 non
1340 3297 1482 3329 videtur.
1538 3297 1669 3329 Novem
1695 3296 1862 3328 eiusmodi
1888 3295 1986 3328 bases
2011 3296 2112 3337 igitur

366 3358 413 3388 ita
445 3363 572 3389 tantum
605 3358 639 3389 in
671 3367 712 3389 ea
746 3358 888 3399 proponi
923 3363 1080 3399 possunt,
1114 3362 1149 3389 ut
1181 3358 1287 3389 altera
1319 3358 1416 3389 alteri
1443 3358 1538 3399 quasi
1571 3358 1727 3398 contigua
1759 3357 1818 3388 sit:
1851 3357 1887 3388 id
1913 3357 2004 3398 quod
2030 3364 2110 3389 sane

367 3418 588 3450 offensionem
614 3418 726 3450 habet.
