2216 3796
624 358 901 393 convim'rvs
937 357 1325 391 TARRACONENSIS
1754 343 1846 391 451

69 480 296 539 {Du-mipsi
331 499 383 525 ex
422 489 565 536 ectypo
602 485 652 524 ab
690 483 868 524 Aemillo
906 485 1067 523 Morera
1105 484 1395 524 Tarraconensi
1431 485 1574 538 misso,
1616 499 1637 524 e
1672 498 1752 536 quo
1791 486 1851 524 ed.

16 558 20 562 ’
58 555 183 600 W}
210 554 283 597 bol.
315 556 362 596 do
390 555 430 596 la
458 554 581 595 Acad.
613 556 754 595 XXVI
787 555 895 594 1895
925 567 964 606 p.
991 555 1043 594 59
1074 554 1210 605 paullo
1242 554 1358 594 aliter
1388 555 1628 606 suppletam.

68 626 101 673 Ὺ,
146 626 280 679 Supra
306 624 412 666 nihil
441 626 564 665 deest.

41 683 70 739 ¹²,
144 697 196 737 V.
220 698 240 736 1
273 709 347 749 pro
375 700 527 748 puncto
556 694 708 734 lineola
737 693 870 745 posita
899 697 972 734 est.

74 791 76 794 >
145 766 197 808 V.
220 767 246 807 5
278 796 288 807 .
311 795 322 806 .
345 795 355 806 .
371 779 403 817 p
412 767 470 820 fa
498 765 564 805 vel
598 764 666 804 boa
692 765 758 803 vel
787 778 854 804 rea
874 794 883 804 .
907 793 918 804 .
942 793 952 804 .
993 764 1202 817 leguntur,
1244 778 1345 814 quae
1381 764 1643 816 probabiliter
1678 764 1857 817 suppleri

53 869 56 875 .
86 839 306 889 nequeunt.
365 837 547 876 Fuerunt
576 836 746 875 fortasse
774 833 941 874 nomina
968 839 1173 886 patronae.

86 958 178 1010 m
205 963 391 1018 Banu-as,
422 962 468 1004 in
488 963 639 1016 oppido
658 963 890 1016 provinciae
909 963 1232 1016 Tarraconensia,
1264 962 1420 1002 duabus
1446 977 1470 1001 a
1500 962 1676 1002 Vendrell
1702 962 1853 1013 leugis;

45 1080 54 1095 ί
144 1035 308 1076 extabat
333 1034 378 1074 in
407 1033 592 1074 aedicula
621 1035 661 1074 S.
689 1033 900 1073 Michaelis
929 1034 1006 1073 dela
1039 1032 1242 1085 Gudqwhs
1271 1046 1395 1084 prope
1426 1032 1631 1085 oppidum.
1693 1033 1776 1071 Ara
1806 1046 1855 1071 ex

141 1103 279 1158 lapide
308 1103 494 1159 calcario,
526 1102 642 1144 cuius
670 1103 795 1144 facies
825 1103 907 1143 alta
936 1107 998 1143 est
1026 1116 1078 1143 m.
1104 1104 1215 1156 0.40,
1246 1102 1329 1142 lata
1355 1104 1471 1154 0.14;
1502 1101 1646 1142 litteris
1677 1099 1779 1141 saec.
1802 1102 1854 1141 H.

913 1254 1014 1284 10v1

913 1322 1019 1351 nom

913 1383 1017 1421 moi·

918 1461 1007 1490 vor

823 1534 841 1561 5
937 1531 991 1562 so

19 1663 23 1707 j
83 1661 177 1704 Fita
203 1660 278 1702 bol.
299 1661 345 1701 de
364 1660 405 1700 la
424 1660 546 1701 Aead.
578 1661 699 1700 XXII
732 1661 840 1701 1892
873 1674 911 1713 p.
943 1661 1027 1701 478
1060 1674 1109 1700 ex
1139 1663 1278 1712 ectypo
1308 1660 1432 1700 misso
1464 1675 1488 1700 a
1518 1661 1710 1702 Caietano
1742 1662 1855 1701 Soler

6 1750 13 1755 υ
26 1722 43 1780 ’ζ
85 1731 229 1787 oppidi
256 1731 445 1784 parocho.

20 1791 35 1798 ”
89 1823 91 1825 -
116 1802 233 1843 Ἵοω·
255 1801 406 1842 amm
433 1797 586 1855 vonum)
617 1797 818 1854 sonatum).

44 1858 49 1863 ⁸
78 1890 85 1895 ·
141 1873 194 1914 V.
217 1873 241 1912 3
263 1875 363 1913 extr.
400 1868 568 1926 Ίὶῖὀσνίσ)
601 1871 724 1911 solvit
743 1871 834 1911 Fita
861 1871 1006 1911 collato
1035 1871 1190 1911 vasculi
1218 1873 1259 1911 Π
1280 1873 1390 1911 4970
1415 1872 1498 1911 256
1530 1870 1650 1911 titulo
1680 1870 1854 1923 incert03

4 1967 6 1970 -
58 1969 59 1974 =
84 1941 296 1995 fluvii-pro
316 1940 495 1982 hominis
513 1954 663 1982 nomen
683 1955 818 1981 rarum
839 1946 956 1982 esset.
1007 1943 1152 1992 Neque
1172 1955 1321 1981 nomen
1346 1939 1521 1995 Ti[beri2·]
1547 1940 1718 1981 alicuius
1738 1941 1856 1980 facile

44 2036 66 2069 2
82 2012 144 2054 ita
168 2012 344 2054 breviari
366 2011 510 2064 potuit.
561 2013 623 2052 De
653 2009 816 2066 astrum)
848 2012 1039 2063 cogitavit
1068 2011 1383 2051 Hirschfeldius.
1435 2011 1540 2050 Mihi
1571 2015 1631 2051 est
1661 2016 1854 2063 punctum

83 2082 128 2123 in
156 2082 248 2124 folii
275 2084 446 2123 formam
477 2086 674 2122 ornatum.
725 2082 906 2133 Iuppiter·
930 2082 1101 2122 dominus
1129 2082 1235 2122 redit
1263 2084 1303 2121 II
1334 2083 1460 2122 4442.

674 2282 787 2321 ΧΠΙ.
828 2282 1072 2321 ΒΑΒΟΙΝΟ
1103 2294 1143 2333 p.
1168 2283 1264 2321 981.

84 2382 178 2447 m
213 2386 438 2428 Bareinone
467 2386 512 2427 in
544 2386 714 2427 ccclesia
742 2390 901 2427 vetusta
930 2388 969 2426 S.
992 2386 1103 2426 Petri
1132 2387 1177 2425 de
1197 2387 1255 2426 las
1274 2386 1446 2440 Puellae,
1479 2386 1523 2425 in
1554 2385 1669 2426 altari
1698 2385 1852 2439 maiori,

0 2457 2 2495 ζ
41 2467 46 2518 ιξ
141 2456 253 2498 buin
281 2457 362 2498 alta
389 2471 442 2498 m.
477 2458 593 2511 035,
625 2458 707 2497 lata
739 2459 856 2510 0.65,
896 2456 1043 2496 litteris
1074 2470 1176 2497 saec.
1197 2458 1238 2497 Π
1268 2457 1450 2510 optimis,
1493 2456 1586 2496 altis
1617 2470 1640 2495 a
1669 2470 1721 2496 m.
1756 2457 1852 2496 0.08

141 2528 197 2569 nd
226 2529 337 2582 0.05,
368 2528 441 2568 sed
469 2528 576 2568 calce
605 2527 723 2568 tectis
753 2531 794 2567 et
821 2540 1016 2580 perquam
1045 2527 1240 2567 evanidis.

824 2690 1096 2718 FLAVIAE

825 2759 1096 2788 MANLIAE

823 2829 1094 2859 ..FLAVIVS

823 2898 1096 2928 F1L....A·rls

763 2972 781 2999 5
824 2968 1093 2999 nli-..AETAS

873 3038 901 3066 H
925 3047 935 3057 ·
961 3038 1015 3067 S-
1041 3039 1063 3066 Ε

84 3177 177 3219 Fita
204 3176 275 3219 bot.
306 3177 352 3218 de
380 3178 420 3218 la
450 3177 573 3218 Acad.
613 3179 694 3217 XX
736 3179 842 3218 1892
874 3191 914 3229 p.
948 3179 1051 3229 5423
1092 3177 1241 3218 Boletin
1269 3177 1315 3216 de
1344 3177 1385 3217 la
1421 3175 1630 3216 asooiacidn
1665 3176 1853 3216 artistic«)-

37 3255 51 3301 ᾖ
85 3246 345 3302 ανφιωοὶόφὼα
373 3249 418 3288 do
448 3248 664 3288 Baro-elom
698 3249 805 3288 1892
836 3249 914 3288 No.
940 3250 977 3287 5.

0 3320 3 3324 ’
48 3329 49 3334 ’
141 3317 296 3370 Eotypa
333 3317 471 3370 accepi
510 3332 534 3357 a
569 3317 659 3357 Fita
697 3321 738 3356 et
775 3331 798 3356 a
836 3316 1050 3356 Francisco
1088 3317 1278 3370 Chabret,
1321 3330 1424 3367 quae
1472 3315 1643 3367 sumpsit
1686 3315 1853 3355 Guillen

8 3375 41 3446 ..J
84 3387 254 3439 Quoiu-
284 3388 356 3428 sed
384 3387 550 3428 omnino
580 3386 685 3427 nihil
713 3386 757 3427 in
788 3386 845 3426 eis
876 3385 1096 3437 distinguo.
1158 3388 1274 3429 Quae
1304 3386 1476 3426 editores
1505 3387 1637 3437 legere
1667 3385 1747 3426 sibi
1776 3385 1853 3426 visi

19 3476 23 3479 -
85 3461 193 3511 sunt,
224 3470 276 3498 ex
303 3461 416 3510 parte
445 3471 528 3497 non
558 3456 765 3507 intellego.
