2216 3796
783 319 1061 393 Avcmmvia
1704 348 1762 396 51
1773 347 1804 396 3

67 475 274 530 4’”ὓ1α·ιι
299 482 526 522 academiae
555 497 592 522 a.
628 484 736 523 1862
768 484 976 523 Antonius
1006 485 1207 523 Gonzalez
1238 486 1412 539 Gachin,
1443 491 1640 538 repertam
1669 487 1713 526 in
1743 488 1807 527 fo-

13 557 15 560 ’
54 549 213 610 ,μω
234 551 438 594 Bam-mo
465 551 528 590 del
554 551 640 603 Ray
667 552 900 603 provinciae
931 553 975 591 de
1003 552 1192 593 Almeria.

75 643 105 671 4
156 620 232 662 bol.
263 621 310 661 do
337 621 378 660 la
407 622 528 661 Acad.
560 623 700 661 XXVI
735 623 842 662 1895
874 635 914 672 p.
944 623 1025 661 492
1059 635 1151 661 eum
1181 624 1330 664 tabula.

60 678 249 745 :June
277 704 302 730 a
328 690 496 731 Zobelio
524 691 666 744 perite,
697 691 882 741 quamvis
911 704 995 730 non
1026 692 1230 742 eleganter
1255 693 1482 745 descriptus
1512 707 1678 745 prorsus
1709 708 1808 735 con-

55 761 59 764 ’
128 781 134 792 ⁵
177 771 272 819 Qum
299 760 533 813 archetypo3
563 761 673 800 unde
703 774 787 800 non
815 760 997 811 repetivi.

153 865 222 904 Ad
247 863 391 904 titulos
419 877 470 904 ex
498 863 588 915 ipsa
615 863 818 915 Hispania
846 863 1130 915 provenientes
1150 865 1283 904 visum
1304 871 1365 905 est
1394 866 1612 918 adiungere
1642 868 1807 909 titulum

153 957 158 964 ·
207 954 224 965 ··
265 937 454 974 externae
484 932 673 984 originis3
703 946 798 973 nam
825 934 936 983 quod
963 933 1082 972 facile
1108 933 1197 973 fieri
1224 934 1370 988 potuit,
1403 935 1557 975 scilicet
1585 942 1632 976 ut
1662 951 1684 976 e
1713 951 1808 989 por-

64 1039 86 1059 a
181 1002 460 1055 Hispanorum
496 1001 603 1043 inter
636 1001 868 1042 Valentiam
907 1008 946 1041 et
985 1004 1249 1043 Tarraconem
1285 1004 1600 1045 Barcinonemve
1636 1006 1807 1046 sitorum

110 1070 114 1074 ⁴
159 1075 390 1124 „portatu
427 1072 496 1125 sit,
533 1073 704 1112 fortasse
743 1085 817 1123 pro
857 1073 1023 1112 saburra
1062 1070 1127 1125 (cf.
1160 1074 1350 1113 adnotata
1380 1075 1431 1114 ad
1459 1088 1499 1115 n.
1534 1076 1644 1115 3585
1686 1089 1807 1128 supra

66 1138 211 1198 2444),
242 1141 288 1182 id
314 1140 447 1194 ipsius
474 1141 622 1194 lapidis
650 1146 796 1182 natura
824 1141 984 1182 videtur
1004 1143 1215 1182 exclusum
1244 1156 1344 1183 esse.
1398 1146 1553 1183 Hector
1572 1145 1680 1184 enim
1699 1145 1804 1198 Pais,

123 1210 405 1264 epigraphieae
434 1212 585 1252 Sardae
613 1212 903 1265 peritissimus,
943 1211 1170 1252 sciscitanti
1198 1212 1300 1252 mihi
1330 1212 1491 1265 scripsit
1525 1215 1700 1266 lapidem
1730 1215 1808 1254 sibi

80 1286 86 1290 “
140 1301 157 1313 ι·
198 1293 288 1322 esse
323 1285 432 1322 certo
469 1280 640 1332 originis
670 1283 832 1321 Sardae.
894 1283 974 1321 Sed
1011 1281 1170 1321 etiamsi
1207 1295 1257 1322 ex
1295 1282 1385 1334 ipsa
1421 1283 1608 1322 Sardinia
1643 1284 1806 1337 prodiit,

109 1392 113 1395 ,
135 1372 138 1380 ·
185 1349 395 1393 Ῑδαίοιο
412 1363 513 1391 usus
531 1350 698 1391 minime
727 1352 873 1403 probat
895 1353 1043 1391 Sardos
1070 1351 1226 1403 origine
1247 1353 1386 1392 Iberos
1415 1352 1542 1392 fuisse
1573 1358 1643 1392 aut
1671 1354 1808 1392 Iberos

120 1420 397 1477 habitasse'
383 1433 430 1460 m
449 1419 649 1461 Sardinia.
700 1423 759 1461 Ut
785 1428 966 1472 pateram
986 1421 1256 1461 Urvinensem
1281 1423 1403 1461 homo
1424 1424 1597 1462 Iberus
1586 1437 1629 1462 in
1648 1423 1808 1462 Italiam

84 1464 118 1546 *J
144 1510 161 1522 «ι
209 1489 354 1531 ulisse
387 1491 594 1543 putandus
633 1494 694 1530 est
735 1489 848 1544 (MLI
878 1505 919 1531 n.
950 1489 1097 1544 XLII),
1139 1496 1185 1530 ut
1224 1492 1392 1531 Catinae
1431 1492 1475 1530 in
1512 1492 1651 1532 Sicilia
1686 1494 1807 1532 homo

58 1550 109 1590 'st
138 1580 142 1593 ·
163 1578 165 1580 ·
205 1558 312 1600 alius
339 1559 385 1599 in
413 1560 576 1599 vasculo
598 1561 754 1599 Graeco
779 1560 988 1611 inscripsit
1007 1562 1249 1600 vocabulum
1267 1562 1469 1600 Ibericum
1499 1562 1550 1600 ad
1579 1562 1809 1612 sepulcrum

63 1615 66 1630 ,
78 1651 125 1685 ,a
184 1649 189 1661 ·
208 1659 214 1662 -
251 1625 366 1683 (MLI
393 1642 434 1672 n.
451 1625 621 1683 XLIIa),
653 1629 711 1668 ita
733 1630 945 1669 Caralibus
966 1630 1266 1670 mercennarius
1287 1631 1434 1681 aliquis
1453 1632 1594 1671 Iberus
1623 1631 1667 1670 in
1693 1645 1809 1670 exer-

72 1688 108 1743 ,⁸—
148 1697 236 1739 sive
263 1697 419 1739 Punico
450 1697 536 1739 sive
565 1700 748 1738 Romano
780 1701 856 1738 deo
888 1699 1011 1739 alicui
1046 1700 1176 1751 patrio
1213 1713 1323 1740 aram
1357 1701 1422 1739 vel
1458 1702 1647 1740 defuncto
1684 1700 1808 1740 alicui

67 1770 296 1815 terraneo
335 1758 511 1820 cippum*
543 1769 808 1820 sepulcralem
847 1782 998 1820 ponere
1034 1770 1180 1820 potuit.
1250 1772 1402 1809 Tamen
1447 1770 1705 1810 memorabile
1747 1775 1809 1809 est

92 1819 127 1892 ’τ’
145 1858 149 1869 ·
173 1859 190 1871 ι·
202 1842 344 1878 entum
360 1839 440 1877 hoc
457 1837 635 1889 primum
652 1839 794 1890 lingua
813 1839 969 1878 Iberica
988 1839 1240 1891 inscriptum,
1264 1841 1374 1890 quod
1394 1854 1415 1878 e
1438 1840 1623 1879 Sardinia
1643 1839 1805 1890 prodiit.

65 1957 70 1962 ”
107 1970 116 2002 ἑ
170 1965 386 2006 Caralibus
414 1966 459 2006 in
490 1967 676 2006 Sardinia
712 1964 940 2020 (Cayliari),
973 1968 1188 2007 columella
1219 1982 1240 2006 e
1269 1967 1405 2018 lapide
1444 1968 1631 2020 calcario,
1675 1967 1807 2017 qualis

94 2036 199 2078 nolet
225 2035 286 2076 ibi
315 2035 510 2089 adhiberi,
541 2034 629 2076 sine
660 2037 922 2090 ornamentis,
954 2042 1112 2088 reperta
1132 2037 1191 2076 ibi
1219 2037 1263 2075 in
1292 2039 1410 2076 horto
1439 2037 1628 2076 botanico
1660 2042 1805 2089 vetere,

58 2095 75 2150 <J
90 2104 168 2145 abi
203 2110 265 2145 est
299 2110 594 2158 gasometrum3
635 2112 817 2146 servatur
863 2120 973 2145 nunc
1011 2107 1055 2145 in
1093 2120 1248 2147 museo.
1308 2107 1449 2145 Facies
1492 2108 1701 2146 columnae
1742 2107 1807 2145 in-

51 2187 60 2222 ⁴5
90 2174 244 2226 scripta
273 2175 354 2215 alta
381 2179 444 2215 eut
467 2188 521 2215 m.
546 2177 656 2229 0.55‚
687 2177 769 2215 lata
793 2178 911 2226 0.35;
942 2175 1099 2215 litterae
1130 2176 1232 2215 altae
1263 2184 1359 2215 sunt
1388 2190 1439 2216 m.
1465 2179 1574 2228 0.07‚
1607 2176 1806 2227 profunde

58 2230 69 2297 ¹·
90 2241 260 2292 heiste.
320 2244 444 2297 Lapis
473 2244 573 2284 olim
602 2245 760 2284 inverse
792 2246 1012 2285 collocatus
1044 2259 1165 2297 supra
1195 2252 1234 2284 et
1264 2245 1371 2284 infra
1399 2246 1566 2284 mutilus
1597 2251 1669 2285 est.

780 2392 817 2688 >WZV5<

857 2403 900 2690 ><83Wv

931 2404 970 2687 Asaz-o·

1007 2456 1050 2688 >Ur-OE

728 2659 747 2686 5

130 2821 137 2831 ι
165 2798 241 2834 ’“·;ι
279 2813 330 2840 ex
366 2806 509 2851 ectypo
547 2805 708 2852 sumpto
745 2815 779 2840 a.
817 2802 923 2839 1891
965 2801 1014 2839 ab
1053 2801 1231 2838 Hectore
1260 2799 1355 2838 Pais
1385 2800 1611 2849 professore
1642 2798 1803 2852 Pisano,

68 2870 118 2903 ἰ
141 2868 256 2913 ubit
282 2869 513 2920 exemplum
543 2875 726 2909 accurate
757 2869 1003 2920 descriptum
1037 2869 1151 2907 Eliae
1190 2870 1328 2907 Lattes
1358 2869 1578 2919 professori
1607 2868 1806 2907 Mediola-

142 2955 158 2970 —.
203 2943 345 2990 utpote
373 2938 539 2989 linguae
568 2940 760 2978 Etruscae
791 2939 1041 2989 aliarumque
1071 2951 1265 2988 perquam
1295 2951 1420 2988 gnaro
1451 2942 1491 2976 et
1520 2943 1660 2988 postea
1690 2938 1801 2977 mihi.

199 3028 215 3041 ι’
254 3020 342 3048 esse
370 3007 677 3059 inscriptionem
706 3008 912 3059 perspexit
932 3007 1128 3046 Claudius
1150 3006 1387 3046 Giacomino
1418 3007 1620 3058 professor
1650 3011 1689 3045 et
1717 3006 1804 3057 ipse

62 3081 96 3135 ‚f
117 3076 165 3110 ·'·
199 3077 389 3130 ·’nsis‚
431 3077 503 3127 qui
537 3077 751 3128 descripsit
790 3083 976 3127 ectypum
1012 3076 1308 3115 accuratissime
1346 3081 1386 3114 et
1420 3075 1539 3114 facile
1574 3076 1805 3127 impetravit

0 3158 3 3162 '
236 3146 476 3186 mitteretur.
538 3146 712 3185 Litterae
743 3159 882 3185 omnes
913 3150 1049 3185 certae·
1075 3150 1183 3185 sunt.

67 3263 69 3266 Ι
91 3214 144 3256 V.
169 3217 190 3255 l
221 3216 361 3268 periit3
397 3217 522 3267 pedes
550 3220 709 3255 tantum
736 3215 964 3255 litterarum
994 3220 1183 3265 quattuor
1212 3220 1312 3264 puto
1343 3227 1459 3264 aegre
1491 3212 1773 3263 dispiciuntur.

58 3306 72 3324 κ,
92 3285 144 3326 V.
167 3286 192 3325 2
223 3285 468 3325 elementum
507 3284 672 3324 tertium
701 3286 850 3323 formas
886 3285 1007 3323 habet
1041 3284 1251 3333 angulatas
1282 3279 1341 3339 Ῡ,
1382 3284 1576 3322 rotundas
1614 3281 1804 3320 ultimum

73 3360 116 3405 :¹²
151 3348 215 3406 Ως
245 3356 318 3395 ssd
341 3356 495 3396 formae
525 3354 620 3393 illae
652 3359 691 3393 et
721 3354 820 3393 alibi
848 3354 964 3393 iuxta
994 3353 1250 3404 reperiuntur
1270 3349 1383 3406 (MLI
1402 3366 1440 3402 p.
1464 3350 1566 3403 XL).
1615 3351 1804 3389 Elemen-

63 3434 84 3470 ,ῑ
143 3422 335 3464 ultimum
368 3435 411 3461 ιιι
440 3425 543 3475 pede
574 3429 679 3462 caret
710 3421 722 3476 (
738 3421 820 3476 ''l-¹),
853 3429 898 3462 ut
927 3423 970 3461 in
1000 3427 1136 3474 patera
1157 3421 1395 3472 Segoviensi
1415 3420 1527 3473 (MLI
1547 3434 1588 3459 n.
1610 3420 1801 3471 XXXIV,

74 3558 76 3563 ’
1438 3568 1523 3610 33*
