2216 3796
421 332 519 379 456
1104 346 1219 379 vnn
1254 346 1482 380 PVBLmAE

742 516 792 554 II.
833 515 1067 555 MILIARII
1095 517 1389 556 BRACARAE
1418 518 1649 557 SERVATI
1678 531 1715 568 p.
1740 519 1834 558 994.

416 646 454 669 n.
490 633 597 669 4747
642 630 838 668 Columna
876 631 956 669 alta
990 644 1041 670 m.
1077 633 1186 684 2.77‚
1225 631 1396 670 ambitus
1428 633 1533 684 1.98,
1574 631 1716 671 litteris
1745 635 1854 685 0.09,
1893 634 2092 674 renovatis
2121 640 2162 675 et

473 703 575 741 male
605 701 768 741 mutatis
799 715 848 741 ex
877 707 999 753 parte.
1062 731 1068 735 -
2189 697 2194 713 ‘

531 772 693 822 Capella
721 771 916 810 milliarios
944 786 983 823 p.
1008 773 1088 812 203
1112 787 1148 823 q.
1170 786 1206 812 v.
1239 777 1279 812 et
1306 772 1504 812 Hadriani
1534 786 1619 812 esse
1650 787 1806 812 mecum
1835 774 2042 814 consentit.

529 842 821 879 Numerumm.
845 854 884 891 p.
908 842 1064 893 CCXV,
1093 841 1162 891 qui
1182 841 1346 880 omnino
1367 842 1552 880 convenit
1572 855 1662 880 cum
1681 841 1876 882 itinerarii
1894 844 2161 884 Antoniniani

471 924 510 960 p.
533 911 630 962 427,
652 912 696 962 4,
730 923 969 960 quamquam
998 910 1115 949 hodie
1147 924 1195 949 ex
1225 915 1334 962 parte
1365 910 1576 963 evanidus,
1607 915 1740 962 potest
1767 915 1900 951 tamen
1927 926 1970 952 re
1997 926 2089 952 vera
2117 913 2161 952 in

474 978 605 1029 lapide
636 978 1378 1017 fuisse..

417 1048 527 1086 4749
572 1047 688 1098 Gippi
718 1049 796 1086 duo
828 1048 926 1086 alter
954 1047 1110 1098 positus
1142 1061 1260 1099 super
1289 1048 1472 1100 alterum,
1505 1048 1576 1086 alti
1605 1061 1656 1087 m.
1690 1050 1805 1101 2.12‚
1843 1049 2016 1090 ambitus
2051 1052 2084 1090 1.
2092 1052 2157 1104 81,

470 1116 614 1155 litteris
645 1116 734 1155 altis
768 1119 804 1156 0.
812 1119 882 1169 09,
915 1116 1157 1156 instauratis.

530 1187 578 1225 V.
608 1188 631 1224 4
664 1197 829 1225 CONSVL
870 1185 1091 1236 antiquitus
1135 1185 1179 1223 in
1222 1185 1356 1236 lapide
1401 1185 1538 1238 fuisse,
1584 1190 1630 1224 ut
1668 1186 1712 1225 in
1749 1200 1788 1226 n.
1822 1188 1951 1240 4869,
1995 1191 2098 1228 etv.
2136 1190 2157 1226 5

474 1268 555 1293 non
585 1259 724 1307 'x-XTV,
767 1256 874 1305 quod
910 1254 1029 1294 tacite
1065 1254 1218 1294 conexi
1248 1255 1291 1293 in
1326 1254 1475 1307 indice,
1516 1259 1562 1294 ut
1591 1255 1702 1294 dedit
1731 1259 1866 1295 auctor
1893 1256 2161 1296 restitutionis
2215 1285 2216 1305 ÷

472 1323 672 1375 noviciae,
716 1325 787 1362 sed
815 1328 979 1376 ῑῑιῑῑῦ,
1021 1325 1127 1374 quod
1165 1323 1355 1376 exigitur,
1395 1325 1558 1363 adnotat
1596 1325 1756 1375 Capella
1791 1325 1989 1366 milliarios
2023 1339 2062 1376 p.
2093 1328 2158 1379 89,

472 1393 542 1442 qui
564 1394 746 1431 observat
776 1392 993 1432 miliarium
1022 1394 1273 1432 referendum
1303 1406 1388 1432 esse
1419 1397 1487 1432 aut
1516 1394 1566 1432 ad
1594 1393 1700 1432 viam
1729 1395 1898 1434 Bracara
1915 1395 2061 1447 Tudas,
2092 1400 2161 1434 aut

471 1463 639 1500 Bracara
669 1463 808 1511 Aquas
837 1462 1005 1501 Flavias.

416 1533 525 1570 4750
570 1532 766 1570 Columna
797 1531 874 1570 alta
903 1545 954 1570 m.
990 1533 1100 1584 2.15,
1133 1531 1305 1570 ambitus
1340 1533 1447 1583 1.88,
1478 1532 1622 1571 litteris
1653 1532 1745 1571 altis
1773 1546 1825 1572 m.
1860 1535 1940 1572 0.1.

528 1601 690 1650 Capella
719 1599 915 1638 milliarios
945 1614 982 1650 p.
1008 1602 1059 1639 97
1083 1614 1119 1650 q.
1143 1615 1178 1639 v.

527 1671 576 1708 V.
602 1671 625 1707 6
656 1681 889 1708 ικιΒνΝιτιΑ
919 1670 1020 1708 falso
1051 1670 1188 1719 posuit
1217 1669 1252 1708 is
1282 1670 1351 1719 qui
1380 1669 1543 1709 titulum
1573 1669 1759 1709 restituit.

415 1740 521 1777 4751
569 1739 765 1777 Columna
795 1739 873 1777 alta
902 1752 954 1777 m.
989 1740 1025 1778 2.
1034 1740 1098 1791 53,
1131 1738 1303 1778 ambitus
1339 1739 1450 1792 1.,96
1487 1738 1630 1778 litteris
1661 1739 1751 1779 altis
1780 1754 1831 1779 m.
1867 1742 1954 1793 0.‚1
1986 1753 2068 1780 non
2097 1740 2160 1779 in-

472 1807 669 1847 stauratis.

528 1877 690 1927 Capella
728 1876 926 1915 milliarios
962 1891 1000 1928 p.
1033 1879 1111 1916 110
1135 1891 1170 1927 q.
1194 1891 1229 1916 v.
1273 1881 1313 1916 et
1348 1881 1508 1928 propter
1545 1876 1851 1916 similitudinem
1887 1877 2071 1930 aliorum,
2114 1883 2161 1917 ut

470 1960 508 1985 n.
543 1947 666 1998 6226,
703 1947 857 1984 Nervae
888 1946 983 1984 anni
1013 1959 1048 1996 p.
1083 1948 1126 1985 C.
1161 1947 1228 1998 97,
1260 1959 1341 1985 non
1370 1946 1531 1985 Traiani
1561 1959 1647 1985 esse
1677 1950 1806 1997 putat;
1843 1948 2011 1986 fortasse
2039 1953 2156 1987 recte.

414 2017 522 2053 4752
568 2016 763 2054 Columna
792 2016 870 2054 alta
894 2029 946 2055 m.
972 2017 1079 2068 2.45,
1113 2015 1286 2055 ambitus
1310 2017 1419 2068 2.Ο9,
1449 2015 1596 2055 litteris
1616 2015 1706 2055 altis
1726 2030 1777 2055 m.
1803 2018 1883 2068 0.1,
1913 2016 2155 2068 instauratis,

471 2086 540 2123 sed
571 2085 666 2123 satis
697 2090 889 2124 accurate.

527 2155 689 2204 Capella
717 2153 915 2192 milliarios
945 2167 981 2204 p.
1011 2155 1088 2192 127
1112 2168 1148 2204 q.
1171 2168 1206 2193 v.
1240 2158 1279 2192 et
1309 2155 1472 2193 adnotat
1500 2158 1648 2204 puncta
1676 2154 1719 2193 in
1749 2154 1932 2194 miliariis
1961 2154 2159 2194 Hadriani

470 2223 653 2262 omnibus
688 2224 858 2262 formam
894 2222 1085 2262 foliorum
1118 2225 1274 2262 habere.
1337 2225 1455 2265 Quod
1496 2223 1650 2262 conieci
1686 2223 1927 2274 pertinuisse
1966 2225 2016 2262 ad
2053 2223 2159 2262 viam

467 2294 634 2331 Bracara
665 2291 916 2343 Olisiponem
944 2293 1098 2345 probat,
1131 2294 1201 2331 sed
1230 2297 1316 2331 tum
1346 2306 1555 2331 numerum
1584 2293 1682 2331 XIII
1710 2296 1824 2344 putat
1852 2305 1934 2331 ιιοιι
1962 2297 2066 2332 recte
2095 2293 2159 2331 in-

469 2367 687 2401 stauratum
719 2375 817 2400 esse.

413 2434 522 2470 4753
568 2432 764 2469 Columna
794 2432 874 2470 alta
902 2445 953 2470 m.
988 2432 1098 2483 2.34,
1130 2431 1301 2470 ambitus
1332 2433 1439 2483 2.13,
1471 2430 1615 2469 litteris
1645 2445 1694 2470 ex
1722 2435 1832 2481 parte
1861 2431 2103 2471 instauratis.

527 2501 687 2551 Capella
721 2500 917 2539 milliarios
947 2513 984 2550 p.
1013 2502 1090 2539 140
1114 2515 1149 2549 q.
1172 2514 1207 2538 v.
1251 2504 1289 2538 et
1327 2513 1483 2538 versum
1512 2513 1637 2538 unum
1667 2500 1710 2538 in
1739 2501 1817 2539 fine
1847 2500 1973 2539 fuisse
2008 2500 2158 2539 indicat

468 2583 677 2608 numerum
707 2583 757 2607 m.
781 2583 818 2619 p.
852 2569 1133 2608 continentem.

412 2641 522 2678 4754
566 2638 685 2688 Cippi
715 2643 793 2676 tres
825 2638 1032 2690 cumulati,
1066 2638 1137 2676 alti
1166 2651 1217 2677 m.
1252 2639 1366 2689 2.14‚
1400 2637 1571 2676 ambitus
1607 2638 1712 2690 1.97,
1751 2637 1895 2677 litteris
1925 2637 2015 2677 altis
2047 2639 2155 2678 0.09.

526 2708 687 2758 Capella
716 2707 913 2746 milliarios
942 2721 979 2757 p.
1010 2709 1083 2744 141
1109 2721 1146 2756 q.
1169 2720 1205 2745 v.

411 2779 520 2815 4756
565 2777 761 2814 Columna
800 2777 879 2814 alta
916 2790 967 2815 m.
1002 2778 1087 2828 2.2‚
1130 2775 1303 2814 ambitus
1338 2777 1449 2826 1.61,
1480 2774 1634 2817 ,litteris
1664 2775 1755 2814 altis
1787 2777 1895 2827 0.09,
1927 2775 2157 2815 instauratis

468 2846 629 2896 penitus
660 2845 857 2883 omnibus.

523 2915 686 2965 Capella
715 2914 912 2953 milliarios
941 2927 978 2964 p.
1008 2916 1084 2952 169
1108 2928 1143 2963 q.
1167 2927 1202 2952 v.
1263 2915 1386 2951 Recte
1419 2912 1713 2963 descripserunt
1741 2913 1996 2963 antiquiores.

412 2986 519 3022 4757
566 2985 848 3033 Fragmentum
879 2984 1085 3021 columnae
1116 2983 1241 3021 altum
1278 2995 1330 3021 m.
1367 2983 1479 3034 1.26‚
1519 2982 1691 3021 ambitus
1729 2984 1844 3034 2.11>,
1882 2982 2026 3021 litteris
2063 2982 2156 3021 altis

467 3067 517 3091 m.
553 3055 662 3104 0.09,
695 3067 743 3091 ex
773 3057 883 3103 parte
913 3057 1070 3091 tantum
1099 3051 1309 3091 renovatis.

524 3122 685 3172 Capella
713 3122 907 3160 milliarios
937 3136 973 3172 p.
1003 3124 1080 3161 168
1103 3136 1140 3171 q.
1162 3135 1197 3160 v.
1258 3123 1381 3160 Recte
1413 3120 1705 3171 descripserunt
1741 3119 1995 3170 antiquiores.
2057 3122 2104 3160 V.
2130 3123 2152 3159 5

466 3191 535 3240 qui
563 3191 737 3229 restituit
767 3202 899 3230 cost
929 3205 998 3241 pro
1031 3202 1139 3230 colas
1169 3190 1316 3241 posuit.

411 3261 519 3298 4758
562 3262 844 3309 Fragmentum
875 3261 1080 3298 columnae
1112 3260 1236 3298 altum
1265 3260 1424 3310 m..1.2‚
1456 3259 1628 3297 ambitus
1654 3260 1759 3310 1.74,
1790 3258 1933 3297 litteris
1954 3259 2042 3298 altis
2065 3260 2151 3308 0.1;

466 3328 543 3366 fuit
573 3329 669 3367 olim
698 3342 802 3379 pone
833 3328 1053 3367 aediculam
1084 3331 1122 3367 S.
1156 3327 1391 3366 Sebastiani.

524 3398 685 3448 Capella
715 3397 911 3437 milliarios
941 3412 977 3448 p.
999 3399 1077 3435 247
1098 3411 1133 3446 q.
1151 3411 1186 3436 v.
1238 3398 1311 3436 Vv.
1340 3398 1446 3434 1—4
1475 3395 1716 3434 conveniunt
1736 3408 1826 3433 cum
1847 3395 2028 3446 exemplo
2047 3408 2150 3447 meo,
2186 3437 2188 3439 ,

466 3480 525 3504 vv.
552 3467 659 3504 5--8
694 3467 854 3516 Capella
884 3480 964 3504 non
996 3465 1106 3504 vidit.
1167 3465 1261 3503 Fuit
1290 3464 1502 3503 Maximini
1533 3469 1572 3502 et
1601 3463 1769 3503 Maximi
1797 3469 1842 3503 ut
1870 3478 1909 3502 n.
1944 3465 2067 3502 4754.
