2216 3796
457 357 552 403 258
1274 370 1403 406 ACTA
1897 360 1900 365 ¹
2194 374 2216 420 .ιῖ

640 436 1414 444 ..μ-*Ἢ
1506 421 2216 457 ———-———-—-—-—-—-—-k

454 483 636 534 Sibyllini
667 483 714 520 de
749 484 979 534 androgyno
1013 497 1047 521 v.
1073 483 1121 522 16
1150 480 1333 536 Ἀχαισ-τὶ
1370 480 1459 522 τάδ’
1481 482 1607 541 ἕρδειν,
1647 488 1802 539 egregie
1838 501 1964 539 nuper
1991 489 2160 530 defensis
2188 495 2216 531 ί

452 551 609 590 Dielsio
640 551 764 601 sibyll.
785 551 937 589 Blc'itter
967 565 1003 601 p.
1028 553 1091 591 55.
1150 553 1290 592 Potest
1319 554 1415 592 adeo
1446 555 1543 600 fieri,
1581 561 1621 591 ut
1651 555 1700 592 ad
1731 567 1843 594 sacra
1870 557 1968 596 haec
1997 569 2075 597 uon
2103 551 2216 602 cived

451 619 722 656 tantummodo
744 620 882 657 urbani
904 620 1068 659 admissi
1091 621 1181 668 sint,
1213 621 1281 659 sed
1311 622 1403 660 item
1426 621 1570 661 Graeci
1602 629 1639 660 et
1667 625 1864 673 peregrini
1893 637 2029 665 omnes
2057 625 2098 664 in
2118 623 2216 665 urbe·

452 687 656 738 degentes:
694 687 914 725 invitantur
943 689 1046 726 enim
1077 689 1115 726 in
1147 689 1275 727 edicto
1306 689 1398 738 (act.
1424 703 1460 727 v.
1484 690 1554 739 65>
1592 703 1713 728 omnes
1744 691 1872 739 liberi,
1909 693 1948 731 id
1979 693 2084 744 quod
2111 693 2216 733 red-it

451 754 555 804 apud
585 754 808 793 Zosimum:
847 751 972 792 δοῦλοι
1003 747 1044 792 δὲ
1072 751 1211 793 τούτων
1242 754 1282 794 οὐ
1312 751 1537 809 μετέχουσι,
1576 754 1679 795 ἀλλά
1710 753 1903 812 ἐλεύθεροι
1937 755 2052 806 μένοι.
2101 761 2148 799 Id
2178 761 2213 800 si

449 822 506 859 ita
536 834 577 859 se
607 822 757 870 habuit,
789 827 893 861 certe
924 836 999 861 non
1030 824 1208 873 pervenit
1237 825 1285 862 ad
1308 826 1530 863 saecularia
1560 825 1704 864 liberae
1734 826 1789 864 rei
1819 827 2001 877 publicae
2030 827 2116 866 sine
2141 828 2213 867 du·

450 889 514 926 bio
545 892 646 928 inter
669 891 774 928 cives
807 891 912 929 solos
943 898 1115 940 peracta,
1145 892 1418 943 induciturque
1448 894 1503 931 ita
1533 894 1652 932 sociis
1677 894 1727 932 ad
1750 906 1951 933 sacrorum
1971 906 2214 935 summorum

449 957 790 1007 participationem
821 959 1009 997 admissis
1039 972 1130 997 vere
1159 972 1282 998 novus
1313 961 1560 999 saeculorum
1592 961 1688 999 ordo
1719 961 2022 1002 dominationem
2053 965 2212 1015 provin-

448 1025 595 1064 ciarum
626 1039 696 1076 per
725 1027 873 1077 gradus
903 1033 1061 1066 mutans
1090 1027 1131 1065 in
1161 1028 1332 1066 civitatis
1365 1030 1690 1068 communionem.

560 1092 711 1142 Quibus
751 1094 977 1133 numinibus
1017 1097 1221 1146 Augustus
1264 1097 1484 1135 saecularia
1523 1097 1678 1145 fecerit,
1723 1098 1801 1136 iam
1843 1098 2060 1139 videamus.
2116 1099 2210 1139 Non

447 1161 575 1199 editos
605 1174 694 1200 esse
730 1162 830 1200 sicut
860 1163 1077 1201 anteriores
1115 1163 1231 1202 ludos
1267 1164 1414 1202 liberae
1452 1166 1506 1203 rei
1545 1165 1725 1216 publicae
1754 1165 1840 1204 Diti
1877 1172 1915 1204 et
1943 1166 2210 1217 Proserpinae

445 1234 489 1266 ut
519 1241 639 1278 supra
658 1230 841 1277 vidimus,
872 1231 927 1268 ita
956 1243 1112 1269 carmen
1143 1232 1209 1279 ibi,
1241 1232 1305 1275 ubi
1335 1233 1495 1270 numina.
1524 1233 1655 1271 omnia
1685 1234 1972 1284 complectitur,
2002 1234 2210 1274 sollemnia

444 1296 542 1335 haec
572 1298 761 1335 celebrari
791 1298 846 1336 ait
876 1293 1023 1340 δαίμοσι
1053 1294 1294 1349 μειλιχίοιο-ιν
1321 1294 1384 1337 καὶ
1413 1294 1643 1352 μακάρεσσιν
1675 1295 1901 1355 οὗρανῖδαις,
1938 1301 1979 1340 id
2009 1303 2116 1353 quod
2146 1302 2208 1341 vel

443 1366 637 1404 vocabulo
660 1365 815 1404 Graeco
846 1371 999 1404 retento
1029 1366 1131 1404 redit
1159 1367 1199 1404 in
1220 1368 1394 1418 epistula
1413 1369 1586 1419 Augusti
1619 1381 1651 1405 v.
1679 1370 1723 1406 11
1758 1397 1766 1406 .
1787 1398 1796 1407 .
1813 1398 1822 1407 .
1855 1371 2008 1420 deisque
2026 1370 2208 1410 milicheis

434 1434 594 1482 fruyum
626 1462 734 1472 ......
783 1434 872 1472 Hoc
893 1434 1086 1472 vocabulo
1117 1436 1274 1485 proprie
1305 1436 1518 1486 significari
1549 1436 1642 1474 deos
1674 1436 1825 1476 inferos
1856 1442 1895 1476 et
1924 1437 2082 1477 aliunde
2102 1437 2207 1477 comss

442 1501 649 1539 mendatur
664 1501 700 1551 ¹)
730 1507 768 1540 et
798 1507 932 1551 aperte
962 1502 1025 1540 hic
1054 1502 1108 1539 dii
1141 1503 1310 1541 milichei
1342 1510 1594 1553 opponuntur
1622 1504 1876 1552 caelestibus,
1907 1501 2206 1557 videbimusque

442 1568 547 1606 infra
577 1582 689 1607 sacra
717 1576 830 1608 terna
851 1575 1042 1608 nocturna
1071 1576 1109 1608 et
1137 1577 1298 1620 propter
1321 1572 1483 1609 numina
1512 1577 1548 1609 et
1577 1579 1736 1622 propter
1757 1573 1908 1611 hostias
1938 1573 2136 1624 pertinere
2155 1573 2203 1612 ad

443 1636 550 1674 solos
571 1637 666 1675 deos
695 1638 854 1676 inferos.
905 1637 984 1677 Sed
1013 1643 1054 1675 ut
1080 1639 1154 1676 hoc
1184 1638 1440 1686 admittimus,
1469 1640 1525 1676 ita
1551 1640 1727 1678 condicio
1755 1648 1794 1679 et
1818 1641 2042 1691 proprietas
2071 1653 2204 1680 sacro·

441 1717 525 1741 rum
558 1710 640 1742 tota
675 1711 846 1743 mutatur
881 1719 946 1752 eo,
983 1705 1087 1755 quod
1128 1706 1353 1743 triduanum
1391 1707 1627 1745 sacrificium
1667 1707 1816 1746 accedit
1851 1703 2061 1762 οὐρανίδαις
2096 1709 2203 1747 obla·

441 1777 522 1809 tum
553 1773 737 1823 iubetque
767 1786 921 1811 carmen
952 1774 1081 1823 ipsum
1119 1773 1205 1811 Iovi
1243 1786 1396 1812 sacrum
1433 1775 1518 1813 fieri
1555 1765 1665 1818 ἤματι
1699 1772 1787 1821 μηδ’
1821 1770 1880 1814 ἐπὶ
1916 1770 2039 1814 νυκτί·
2073 1773 2203 1815 θεοῖο-ι

441 1836 518 1893 (γάρ
549 1836 779 1893 οὐρανίδῃσ-ιν
808 1834 948 1893 ἡμέρως
977 1835 1129 1877 πέλεται
1158 1835 1285 1878 θυέων
1315 1836 1461 1894 τρόπος.
1514 1841 1680 1893 Singula
1705 1843 1864 1882 numina
1889 1856 1990 1893 quae
2015 1843 2202 1883 invocan-

439 1911 503 1945 tur
530 1908 585 1946 ita
615 1909 942 1956 enumerabimus,
975 1915 1016 1946 ut
1044 1909 1176 1958 priore
1206 1909 1294 1947 loco
1326 1916 1523 1959 ponantur
1553 1923 1652 1961 quae
1683 1911 1866 1950 coluntur
1894 1912 2018 1951 sacris
2048 1919 2201 1951 noctur-

438 1974 513 2023 nis,
546 1982 762 2025 sequantur
792 1989 905 2014 sacra
935 1976 1086 2014 diurna.

553 2044 586 2080 1.
632 2044 773 2082 Illoeris
804 2057 917 2083 sacra
947 2051 1005 2082 est
1034 2045 1162 2095 prima
1193 2058 1289 2083 nox:
1320 2059 1410 2084 nam
1433 2045 1589 2085 Graeco
1617 2046 1812 2086 vocabulo
1843 2047 2093 2098 appellantur
2121 2060 2198 2087 non

439 2111 566 2157 solum
597 2112 635 2149 in
667 2113 856 2150 carmine:
888 2105 989 2149 ἔνθα
1019 2109 1066 2150 σι)
1097 2106 1208 2166 ῥέζειν
1234 2110 1311 2166 ἱεροὶ
1342 2108 1588 2163 παντοιγόνοις
1607 2108 1759 2169 Μοίραις
1788 2121 1827 2153 et
1854 2115 1961 2166 apud
1981 2114 2197 2164 Zosimum,

438 2180 507 2217 sed
541 2180 635 2218 item
670 2181 709 2218 in
746 2181 844 2230 ipsis
881 2180 978 2219 actis
1014 2181 1183 2228 nostris,
1221 2194 1309 2219 cum
1340 2181 1488 2220 Parcae
1523 2182 1601 2220 sint
1635 2188 1774 2233 poetae
1803 2182 1961 2222 Latino.
2020 2183 2196 2223 Numero

435 2246 559 2285 fuisse
590 2253 669 2286 tres
709 2255 748 2286 et
783 2249 939 2286 aliunde
969 2255 1124 2286 constat
1159 2254 1197 2286 et
1233 2249 1324 2287 inde
1353 2249 1562 2299 colligitur,
1598 2251 1703 2299 quod
1734 2256 1894 2289 auctore
1923 2251 2085 2290 zosimo
2115 2259 2194 2290 tres

435 2314 483 2352 iis
514 2328 605 2353 arae
635 2318 942 2354 constituuntur:
974 2317 1048 2354 hoc
1069 2323 1197 2354 tamen
1230 2317 1440 2355 notandum
1463 2330 1591 2367 neque
1611 2319 1650 2355 in
1672 2324 1846 2357 actorum
1875 2319 2100 2368 precatione
2128 2332 2196 2358 ne-

436 2395 511 2432 que
541 2384 643 2434 apud
665 2384 875 2422 Horatium
899 2396 966 2422 eas
996 2385 1171 2422 invocari
1201 2385 1276 2422 nisi
1308 2385 1549 2423 coniunctas.
1597 2385 1714 2436 Apud
1735 2386 1937 2424 Zosimum
1959 2387 2066 2437 quod
2084 2387 2192 2425 Moe—

434 2463 501 2489 rae
531 2464 609 2489 non
639 2453 766 2490 solum
798 2452 944 2490 adsunt
974 2464 1044 2489 suo
1074 2453 1162 2490 loco
1193 2453 1230 2489 in
1262 2465 1425 2490 recensu
1454 2454 1652 2491 numinum
1692 2453 1832 2503 (supra
1861 2467 1899 2505 p.
1921 2454 1999 2492 237
2031 2461 2111 2493 not.
2135 2454 2191 2504 7),

436 2518 505 2556 sed
541 2520 844 2568 praemittuntur
879 2520 992 2557 haec:
1031 2520 1113 2559 ταῖς
1143 2515 1296 2572 Μοίραις
1330 2512 1471 2570 ἄγουσι
1507 2515 1750 2572 παννυχίδας
1785 2517 1879 2564 μετὰ
1909 2517 2128 2568 σεμνότητος
2156 2521 2192 2560 ἔν

435 2581 540 2638 νυξίν
571 2588 730 2626 omnino
761 2588 911 2625 hiantia
940 2594 979 2625 et
1007 2593 1203 2638 corrupta,
1234 2587 1324 2625 inde
1355 2588 1423 2625 vix
1452 2588 1586 2626 licebit
1613 2589 1795 2639 colligere
1825 2601 1939 2628 sacra
1966 2589 2063 2629 haec
2083 2590 2190 2629 Moe—

432 2666 563 2691 rarum
594 2655 695 2692 inter
716 2656 936 2693 saecularia
965 2655 1194 2705 primarium
1216 2655 1341 2693 locum
1364 2657 1551 2703 tenuisse,
1581 2669 1814 2707 quamquam
1838 2670 1971 2695 verum
1999 2663 2060 2696 est
2080 2657 2191 2696 victi-

434 2722 509 2759 mis
540 2723 587 2760 iis
617 2723 832 2762 immolatis
853 2723 954 2761 vinci
985 2723 1232 2772 aliquatenus
1262 2735 1363 2772 quae
1390 2723 1605 2762 offeruntur
1624 2724 1796 2775 Ilithyiis
1825 2732 1865 2763 et
1881 2725 2031 2764 Terrae
2060 2726 2188 2764 matri.

544 2790 580 2827 2.
631 2791 816 2839 Ilithyiae
851 2791 1068 2828 adorantur
1098 2797 1210 2828 nocte
1246 2791 1432 2829 secunda:
1465 2786 1522 2828 ἐπὶ
1559 2794 1660 2836 ταῖς,
1695 2805 1852 2831 carmen
1889 2793 2038 2843 pergit,
2071 2790 2188 2831 Ἐλει-

429 2852 552 2897 θυῖας
586 2852 806 2912 ἄρξει-ασθαι
842 2854 1092 2898 παιδοτὸκους
1130 2858 1345 2908 eodemque
1382 2860 1539 2897 nomine
1575 2860 1824 2910 appellantur
1861 2861 1901 2898 in
1941 2861 2059 2908 actis,
2099 2873 2184 2899 cum

430 2924 623 2964 Horatius
655 2925 810 2964 Graeco
841 2926 1022 2976 Ilithyiae
1055 2926 1245 2964 vocabulo
1283 2926 1401 2964 addat
1429 2926 1576 2964 Latina
1606 2928 1683 2965 duo
1714 2927 1889 2966 Lucinae
1925 2927 2110 2966 traditum
2147 2933 2187 2966 et

429 3006 454 3031 a
488 3006 530 3031 se
569 3001 611 3031 ut
646 2994 800 3031 videtur
834 2994 1042 3032 formatum
1074 2992 1282 3032 Genitalis.
1340 2993 1429 3031 Hoc
1467 3007 1570 3032 nunc
1606 2995 1759 3032 demum
1799 2995 2040 3045 intellegitur
2076 3002 2183 3046 pate-

427 3061 541 3099 factis
572 3063 669 3100 actis
690 3061 889 3112 Ilithyiam
920 3063 1058 3099 horum
1088 3073 1287 3099 sacrorum
1310 3073 1545 3111 quamquam
1578 3063 1626 3100 ab
1646 3063 1815 3101 Horatio
1846 3068 1936 3113 post
1957 3063 2181 3114 Apollinem

427 3130 664 3175 nominatur,
695 3142 942 3179 nequaquam
975 3129 1274 3179 intellegendam
1306 3141 1393 3167 esse
1421 3129 1594 3172 Dianam
1625 3129 1826 3177 Lucinam,
1861 3130 1898 3167 id
1931 3139 1991 3169 est
2014 3121 2182 3184 ’Ἄρτεμιν

426 3193 600 3246 λοχείαν,
630 3198 699 3234 sed
728 3198 790 3235 hic
820 3204 862 3235 ut
891 3210 958 3246 per
979 3203 1101 3235 totum
1125 3209 1280 3235 carmen
1313 3197 1472 3235 numina
1500 3197 1672 3235 invocari
1703 3211 1726 3235 a
1754 3204 1872 3248 poeta
1891 3198 2028 3236 ordine
2048 3209 2180 3237 sacro-

425 3277 511 3301 rum
542 3265 703 3314 insuper
732 3266 878 3303 habito.
902 3286 951 3292 —-
983 3265 1167 3314 Ilithyias
1198 3265 1372 3302 invocari
1405 3277 1567 3302 numero
1598 3271 1675 3302 tres
1707 3265 1907 3313 probabile
1937 3271 1997 3304 est
2024 3270 2179 3316 propte·

425 3345 493 3368 rea
524 3333 628 3380 quod
658 3333 870 3370 novenario
892 3345 1055 3370 numero
1085 3332 1147 3370 his
1178 3332 1325 3382 pariter
1346 3338 1462 3382 atque
1483 3332 1628 3370 Moeris
1651 3343 1763 3369 sacra
1782 3333 1881 3370 fiunt
1910 3340 1948 3371 et
1969 3333 2062 3371 alibi
2083 3345 2177 3382 quo—

527 3484 556 3524 l)
596 3485 649 3517 De
667 3486 748 3517 Iove
774 3481 938 3530 μειλιχίῳ
957 3484 1117 3517 chthonio
1136 3485 1273 3518 numine
1292 3484 1451 3525 exposuit
1468 3484 1758 3518 Robert-Preller
1781 3483 1906 3527 yrieclt.
1925 3483 2032 3528 Myth.
2049 3495 2082 3527 p.
2097 3470 2178 3518 130.v

2197 3561 2216 3617 ‚1

2207 3673 2216 3720 ἑ

2199 3728 2216 3796 ’ὲ
