2216 3796
887 1120 1124 1194 VIAE
1184 1119 1690 1194 PVBLICAE.
1760 1154 1762 1156 ’

1053 1407 1202 1449 PARS
1234 1407 1520 1451 SECVNDA.

1006 1532 1169 1588 VIAE
1211 1533 1572 1590 BAETIOAE.

894 1677 924 1714 Ι.
963 1676 1195 1714 MILIARH
1224 1675 1490 1714 BAETICAE
1524 1690 1562 1726 p.
1587 1677 1682 1715 992.

416 1776 503 1820 204
548 1780 787 1826 Villafranca
824 1780 868 1818 de
903 1780 957 1818 los
988 1780 1151 1831 Barros,
1194 1793 1237 1818 en
1273 1781 1308 1818 el
1334 1779 1444 1829 patio
1479 1780 1539 1818 del
1574 1779 1719 1831 Coleqio
1755 1780 1800 1820 de
1829 1781 1909 1820 San
1937 1781 2028 1821 Josb
2057 1778 2164 1835 (ealle

473 1849 635 1888 Hermm
667 1849 808 1902 Corte‘s,
840 1846 909 1902 I),
941 1847 1030 1887 cubo
1059 1850 1103 1887 de
1129 1848 1296 1900 qranito,
1329 1848 1441 1887 eujus
1471 1862 1562 1899 pars
1596 1849 1787 1901 inscripta
1819 1850 1900 1889 alta
1928 1853 1968 1889 ct
1994 1850 2076 1890 lata
2105 1855 2165 1890 est

473 1931 524 1957 m.
560 1920 668 1971 0.68,
699 1919 801 1970 lapis
833 1931 988 1958 crassus
1017 1932 1068 1957 m.
1104 1919 1218 1967 0.49;
1249 1917 1394 1956 litteris
1424 1930 1523 1958 saec.
1555 1920 1626 1972 IV,
1657 1918 1749 1958 altis
1778 1932 1811 1958 c.
1842 1932 1894 1959 m.
1929 1920 2037 1959 o·08.

1088 2037 1239 2073 'BONO
1270 2045 1330 2072 κει
1356 2054 1365 2063 ·
1390 2032 1498 2072 ΝΒ*

1231 2114 1348 2143 Naro

415 2219 504 2258 Fita
534 2218 603 2257 bol.
632 2218 676 2256 de
706 2219 744 2258 la
774 2217 897 2257 Acad.
930 2219 1049 2258 XXV
1083 2219 1190 2257 1894
1222 2232 1259 2269 p.
1292 2220 1356 2271 58,
1391 2220 1442 2257 27
1481 2219 1552 2269 qui
1587 2222 1771 2270 ectypum
1806 2218 1916 2258 misit
1950 2219 2163 2259 admodum

416 2288 638 2327 evanidam.

471 2356 629 2395 Dicitur
658 2356 890 2407 provenisse
921 2357 965 2395 de
995 2357 1052 2395 las
1080 2355 1249 2408 Pefiitas,
1291 2356 1363 2395 ubi
1399 2356 1615 2396 Perceiana
1650 2355 1806 2396 mansio
1837 2356 1961 2396 fuisse
1992 2357 2166 2398 creditur

416 2423 515 2479 (itin.
540 2425 732 2464 Antonin.
754 2440 792 2477 p.
818 2427 911 2478 432,
939 2423 996 2479 7);
1028 2426 1070 2464 in
1099 2425 1281 2477 proximo
1311 2427 1399 2465 loco
1430 2428 1465 2465 el
1492 2426 1615 2465 Villar
1642 2430 1799 2477 ponunt
1818 2427 1980 2465 domum
1998 2426 2162 2479 Liberii,

415 2494 539 2544 patris
561 2497 727 2534 Sanctae
747 2495 939 2534 Eulaliae.
991 2495 1168 2534 Primum
1189 2495 1351 2534 omnino
1381 2497 1456 2533 hoc
1487 2495 1704 2534 miliarium
1733 2500 1804 2547 est,
1838 2497 1946 2545 quod
1973 2495 2162 2548 innotuit,

415 2563 569 2602 itineris
599 2557 662 2602 ‘ab
694 2564 797 2603 ostio
827 2563 1005 2602 fluminis
1035 2567 1148 2602 Anae
1178 2564 1395 2602 Emeritam
1426 2556 1566 2613 usque³
1595 2562 1695 2617 (itin.
1728 2563 1922 2603 Antonin.
1955 2578 1992 2616 p.
2018 2566 2113 2616 431,
2138 2566 2161 2604 8

415 2634 568 2685 —432‚
594 2630 644 2686 8).
693 2635 879 2672 Ceterum
899 2633 1114 2685 probabile,
1147 2647 1228 2671 non
1250 2638 1418 2685 certum,
1451 2633 1666 2671 miliarium
1686 2633 1811 2672 fuisse
1840 2634 1947 2672 hunc
1974 2633 2159 2684 lapidem.

961 2800 1011 2837 ΙΙ.
1044 2800 1141 2838 VIA
1170 2799 1428 2836 AVGVSTA
1458 2811 1495 2847 p.
1521 2799 1614 2836 992.

415 2914 452 2938 n.
488 2902 610 2939 4705.
645 2903 767 2941 4717.
803 2903 911 2939 4749
953 2903 1036 2940 Iam
1067 2906 1161 2940 sunt
1189 2901 1366 2940 Malacae
1397 2900 1440 2938 in
1469 2913 1606 2939 museo
1637 2900 1799 2950 Loring.

1077 3106 1229 3148 PARS
1267 3106 1496 3148 TERTIA.

938 3219 1087 3275 VIAE
1123 3218 1636 3276 TARBAGONENSIS.

527 3349 769 3400 Magnopere
808 3363 960 3401 semper
999 3350 1328 3402 desideravimus,
1368 3354 1413 3389 ut
1449 3349 1614 3388 miliarii
1650 3348 1804 3388 viarum
1834 3363 1857 3387 a
1885 3350 2052 3388 Bracara
2090 3362 2159 3387 cx-

415 3418 595 3456 euntium
626 3419 801 3467 quinque
831 3420 894 3457 vel
923 3418 1097 3469 plurium
1132 3419 1319 3469 permulti
1379 3419 1448 3469 qui
1486 3418 1583 3457 olim
1617 3418 1761 3468 reperti
1795 3431 1939 3470 magna
1969 3432 2018 3457 ex
2047 3422 2157 3468 parte

1328 3450 1337 3471 7

415 3487 543 3525 adhuc
583 3492 736 3539 extant,
784 3489 914 3527 denuo
955 3488 1303 3540 investigarentur,
1346 3502 1436 3526 cum
1472 3488 1589 3539 pauci
1625 3491 1796 3539 tantum,
1839 3487 1908 3537 qui
1951 3488 2158 3526 Bracarum
