<?xml version="1.0" encoding="UTF-8"?>
<!DOCTYPE html PUBLIC "-//W3C//DTD XHTML 1.0 Transitional//EN"
    "http://www.w3.org/TR/xhtml1/DTD/xhtml1-transitional.dtd">
<html xmlns="http://www.w3.org/1999/xhtml" xml:lang="en" lang="en">
 <head>
  <title>
</title>
<meta http-equiv="Content-Type" content="text/html;charset=utf-8" />
  <meta name='ocr-system' content='tesseract 3.04.00' />
  <meta name='ocr-capabilities' content='ocr_page ocr_carea ocr_par ocr_line ocrx_word'/>
</head>
<body>
  <div class='ocr_page' id='page_1' title='image "./ephemerisepigrap08deutuoft_0252.png"; bbox 0 0 2216 3796; ppageno 0'>
   <div class='ocr_carea' id='block_1_1' title="bbox 1968 0 2216 538">
    <p class='ocr_par' dir='ltr' id='par_1_1' title="bbox 1968 0 2216 538">
     <span class='ocr_line' id='line_1_1' title="bbox 1968 0 2216 538; baseline 0 0"><span class='ocrx_word' id='word_1_1' title='bbox 1968 0 2216 538; x_wconf 95' lang='lat' dir='ltr'>   </span> 
     </span>
    </p>
   </div>
   <div class='ocr_carea' id='block_1_2' title="bbox 371 339 1324 385">
    <p class='ocr_par' dir='ltr' id='par_1_2' title="bbox 371 339 1324 385">
     <span class='ocr_line' id='line_1_2' title="bbox 371 339 1324 385; baseline 0 -1"><span class='ocrx_word' id='word_1_2' title='bbox 371 339 468 385; x_wconf 79' lang='lat'>244</span> <span class='ocrx_word' id='word_1_3' title='bbox 1192 350 1324 385; x_wconf 77' lang='lat' dir='ltr'>ACTA</span> 
     </span>
    </p>
   </div>
   <div class='ocr_carea' id='block_1_3' title="bbox 372 416 576 424">
    <p class='ocr_par' dir='ltr' id='par_1_3' title="bbox 372 416 576 424">
     <span class='ocr_line' id='line_1_3' title="bbox 372 416 576 424; baseline 0 0"><span class='ocrx_word' id='word_1_4' title='bbox 372 416 576 424; x_wconf 95' lang='lat' dir='ltr'> </span> 
     </span>
    </p>
   </div>
   <div class='ocr_carea' id='block_1_4' title="bbox 365 465 2206 856">
    <p class='ocr_par' dir='ltr' id='par_1_4' title="bbox 365 465 2206 858">
     <span class='ocr_line' id='line_1_4' title="bbox 369 465 2176 514; baseline 0.001 -10"><span class='ocrx_word' id='word_1_5' title='bbox 369 466 651 514; x_wconf 80' lang='lat' dir='ltr'>similibusque,</span> <span class='ocrx_word' id='word_1_6' title='bbox 686 466 776 503; x_wconf 84' lang='lat' dir='ltr'>aliis</span> <span class='ocrx_word' id='word_1_7' title='bbox 806 465 1046 514; x_wconf 80' lang='lat' dir='ltr'>sacerdotes,</span> <span class='ocrx_word' id='word_1_8' title='bbox 1078 472 1119 504; x_wconf 87' lang='lat' dir='ltr'>ut</span> <span class='ocrx_word' id='word_1_9' title='bbox 1147 467 1192 504; x_wconf 88' lang='lat' dir='ltr'>fit</span> <span class='ocrx_word' id='word_1_10' title='bbox 1221 473 1260 504; x_wconf 88' lang='lat' dir='ltr'>et</span> <span class='ocrx_word' id='word_1_11' title='bbox 1287 467 1326 504; x_wconf 90' lang='lat' dir='ltr'>in</span> <span class='ocrx_word' id='word_1_12' title='bbox 1354 467 1479 504; x_wconf 85' lang='lat' dir='ltr'>sacris</span> <span class='ocrx_word' id='word_1_13' title='bbox 1501 467 1712 504; x_wconf 85' lang='lat' dir='ltr'><strong>Arvalium</strong></span> <span class='ocrx_word' id='word_1_14' title='bbox 1741 472 1779 504; x_wconf 90' lang='lat' dir='ltr'>et</span> <span class='ocrx_word' id='word_1_15' title='bbox 1797 466 1837 504; x_wconf 94' lang='lat' dir='ltr'>in</span> <span class='ocrx_word' id='word_1_16' title='bbox 1860 466 2129 513; x_wconf 64' lang='lat' dir='ltr'>saecularibus</span> <span class='ocrx_word' id='word_1_17' title='bbox 2174 491 2176 496; x_wconf 91' lang='lat'><em>·</em></span> 
     </span>
     <span class='ocr_line' id='line_1_5' title="bbox 367 533 2180 584; baseline 0.001 -11"><span class='ocrx_word' id='word_1_18' title='bbox 367 536 511 574; x_wconf 88' lang='lat' dir='ltr'>nostris</span> <span class='ocrx_word' id='word_1_19' title='bbox 529 533 579 584; x_wconf 90' lang='lat'>¹).</span> <span class='ocrx_word' id='word_1_20' title='bbox 640 533 806 570; x_wconf 83' lang='lat' dir='ltr'>Publica</span> <span class='ocrx_word' id='word_1_21' title='bbox 836 534 1069 572; x_wconf 86' lang='lat' dir='ltr'>auctoritate</span> <span class='ocrx_word' id='word_1_22' title='bbox 1099 539 1179 572; x_wconf 89' lang='lat' dir='ltr'>tam</span> <span class='ocrx_word' id='word_1_23' title='bbox 1209 534 1249 571; x_wconf 90' lang='lat' dir='ltr'>hi</span> <span class='ocrx_word' id='word_1_24' title='bbox 1279 534 1362 572; x_wconf 89' lang='lat' dir='ltr'>ludi</span> <span class='ocrx_word' id='word_1_25' title='bbox 1391 535 1490 572; x_wconf 90' lang='lat' dir='ltr'>fiunt</span> <span class='ocrx_word' id='word_1_26' title='bbox 1519 547 1636 584; x_wconf 84' lang='lat' dir='ltr'>quam</span> <span class='ocrx_word' id='word_1_27' title='bbox 1669 534 1740 582; x_wconf 91' lang='lat' dir='ltr'>illi,</span> <span class='ocrx_word' id='word_1_28' title='bbox 1771 540 1808 572; x_wconf 90' lang='lat' dir='ltr'>et</span> <span class='ocrx_word' id='word_1_29' title='bbox 1838 546 1926 573; x_wconf 90' lang='lat' dir='ltr'>cum</span> <span class='ocrx_word' id='word_1_30' title='bbox 1955 534 2008 574; x_wconf 76' lang='lat' dir='ltr'>ad</span> <span class='ocrx_word' id='word_1_31' title='bbox 2034 539 2130 575; x_wconf 79' lang='lat' dir='ltr'>vota</span> <span class='ocrx_word' id='word_1_32' title='bbox 2175 571 2180 582; x_wconf 70' lang='grc'><strong>,</strong></span> 
     </span>
     <span class='ocr_line' id='line_1_6' title="bbox 365 587 2187 655; baseline -0.001 -14"><span class='ocrx_word' id='word_1_33' title='bbox 365 603 447 641; x_wconf 91' lang='lat' dir='ltr'>ludi</span> <span class='ocrx_word' id='word_1_34' title='bbox 477 614 612 640; x_wconf 89' lang='lat' dir='ltr'>omnes</span> <span class='ocrx_word' id='word_1_35' title='bbox 643 601 724 639; x_wconf 88' lang='lat' dir='ltr'>fere</span> <span class='ocrx_word' id='word_1_36' title='bbox 753 601 915 639; x_wconf 85' lang='lat' dir='ltr'><strong>redeant</strong></span> <span class='ocrx_word' id='word_1_37' title='bbox 944 607 1022 639; x_wconf 89' lang='lat' dir='ltr'>tam</span> <span class='ocrx_word' id='word_1_38' title='bbox 1053 602 1174 641; x_wconf 87' lang='lat' dir='ltr'>semel</span> <span class='ocrx_word' id='word_1_39' title='bbox 1203 602 1297 640; x_wconf 86' lang='lat' dir='ltr'>facti</span> <span class='ocrx_word' id='word_1_40' title='bbox 1327 614 1446 651; x_wconf 89' lang='lat' dir='ltr'>quam</span> <span class='ocrx_word' id='word_1_41' title='bbox 1475 603 1515 640; x_wconf 91' lang='lat' dir='ltr'>in</span> <span class='ocrx_word' id='word_1_42' title='bbox 1548 608 1777 652; x_wconf 84' lang='lat' dir='ltr'>perpetuum</span> <span class='ocrx_word' id='word_1_43' title='bbox 1806 601 2007 651; x_wconf 53' lang='lat' dir='ltr'>faciendi,</span> <span class='ocrx_word' id='word_1_44' title='bbox 2037 601 2128 654; x_wconf 71' lang='lat' dir='ltr'>ipso</span> <span class='ocrx_word' id='word_1_45' title='bbox 2177 587 2187 655; x_wconf 50' lang='lat' dir='ltr'>v&#39;3</span> 
     </span>
     <span class='ocr_line' id='line_1_7' title="bbox 367 669 2129 720; baseline 0 -12"><span class='ocrx_word' id='word_1_46' title='bbox 367 683 412 708; x_wconf 91' lang='lat' dir='ltr'>eo</span> <span class='ocrx_word' id='word_1_47' title='bbox 443 678 533 708; x_wconf 87' lang='lat' dir='ltr'>voto</span> <span class='ocrx_word' id='word_1_48' title='bbox 565 674 755 707; x_wconf 87' lang='lat' dir='ltr'>statutum</span> <span class='ocrx_word' id='word_1_49' title='bbox 785 669 836 706; x_wconf 90' lang='lat' dir='ltr'>sit</span> <span class='ocrx_word' id='word_1_50' title='bbox 864 680 1026 708; x_wconf 87' lang='lat' dir='ltr'>necesse</span> <span class='ocrx_word' id='word_1_51' title='bbox 1056 676 1136 717; x_wconf 87' lang='lat' dir='ltr'>est,</span> <span class='ocrx_word' id='word_1_52' title='bbox 1174 683 1244 720; x_wconf 92' lang='lat' dir='ltr'>per</span> <span class='ocrx_word' id='word_1_53' title='bbox 1275 681 1374 719; x_wconf 91' lang='lat' dir='ltr'>quos</span> <span class='ocrx_word' id='word_1_54' title='bbox 1406 678 1537 708; x_wconf 87' lang='lat' dir='ltr'>votum</span> <span class='ocrx_word' id='word_1_55' title='bbox 1571 670 1802 708; x_wconf 85' lang='lat' dir='ltr'>solveretur.</span> <span class='ocrx_word' id='word_1_56' title='bbox 1861 669 1909 709; x_wconf 88' lang='lat' dir='ltr'>In</span> <span class='ocrx_word' id='word_1_57' title='bbox 1936 669 2129 711; x_wconf 68' lang='lat' dir='ltr'>faciendis</span> 
     </span>
     <span class='ocr_line' id='line_1_8' title="bbox 365 737 2206 795; baseline 0.001 -20"><span class='ocrx_word' id='word_1_58' title='bbox 365 739 469 776; x_wconf 89' lang='lat' dir='ltr'>votis</span> <span class='ocrx_word' id='word_1_59' title='bbox 501 744 667 788; x_wconf 85' lang='lat' dir='ltr'>excepto</span> <span class='ocrx_word' id='word_1_60' title='bbox 697 749 850 775; x_wconf 90' lang='lat' dir='ltr'>summo</span> <span class='ocrx_word' id='word_1_61' title='bbox 881 738 984 775; x_wconf 90' lang='lat' dir='ltr'>veris</span> <span class='ocrx_word' id='word_1_62' title='bbox 1016 739 1119 775; x_wconf 87' lang='lat' dir='ltr'>sacri</span> <span class='ocrx_word' id='word_1_63' title='bbox 1154 738 1289 789; x_wconf 90' lang='lat' dir='ltr'>populi</span> <span class='ocrx_word' id='word_1_64' title='bbox 1319 742 1452 787; x_wconf 87' lang='lat' dir='ltr'>partes</span> <span class='ocrx_word' id='word_1_65' title='bbox 1482 738 1613 776; x_wconf 86' lang='lat' dir='ltr'>nullae</span> <span class='ocrx_word' id='word_1_66' title='bbox 1644 743 1755 785; x_wconf 89' lang='lat' dir='ltr'>sunt,</span> <span class='ocrx_word' id='word_1_67' title='bbox 1794 737 1864 776; x_wconf 86' lang='lat' dir='ltr'>sed</span> <span class='ocrx_word' id='word_1_68' title='bbox 1892 737 1943 777; x_wconf 78' lang='lat' dir='ltr'>de</span> <span class='ocrx_word' id='word_1_69' title='bbox 1969 737 2130 778; x_wconf 81' lang='lat' dir='ltr'>minori·</span> <span class='ocrx_word' id='word_1_70' title='bbox 2202 784 2206 795; x_wconf 51' lang='lat'>¹</span> 
     </span>
     <span class='ocr_line' id='line_1_9' title="bbox 365 792 2203 856; baseline 0.001 -12"><span class='ocrx_word' id='word_1_71' title='bbox 365 806 438 844; x_wconf 92' lang='lat' dir='ltr'>bus</span> <span class='ocrx_word' id='word_1_72' title='bbox 469 806 652 843; x_wconf 85' lang='lat' dir='ltr'>decidunt</span> <span class='ocrx_word' id='word_1_73' title='bbox 681 805 936 855; x_wconf 84' lang='lat' dir='ltr'>magistratus</span> <span class='ocrx_word' id='word_1_74' title='bbox 968 805 1056 853; x_wconf 88' lang='lat' dir='ltr'>soli,</span> <span class='ocrx_word' id='word_1_75' title='bbox 1087 805 1135 843; x_wconf 90' lang='lat' dir='ltr'>de</span> <span class='ocrx_word' id='word_1_76' title='bbox 1164 807 1382 844; x_wconf 86' lang='lat' dir='ltr'>maioribus</span> <span class='ocrx_word' id='word_1_77' title='bbox 1413 812 1451 844; x_wconf 92' lang='lat' dir='ltr'>et</span> <span class='ocrx_word' id='word_1_78' title='bbox 1481 806 1650 844; x_wconf 87' lang='lat' dir='ltr'>maxime</span> <span class='ocrx_word' id='word_1_79' title='bbox 1671 805 1719 843; x_wconf 92' lang='lat' dir='ltr'>de</span> <span class='ocrx_word' id='word_1_80' title='bbox 1741 806 1866 844; x_wconf 85' lang='lat' dir='ltr'>sacris</span> <span class='ocrx_word' id='word_1_81' title='bbox 1895 792 2130 856; x_wconf 72' lang='lat' dir='ltr'>perpetuan-</span> <span class='ocrx_word' id='word_1_82' title='bbox 2184 831 2203 850; x_wconf 86' lang='grc'><strong>.</strong></span> 
     </span>
    </p>
   </div>
   <div class='ocr_carea' id='block_1_5' title="bbox 365 872 2128 924">
    <p class='ocr_par' dir='ltr' id='par_1_5' title="bbox 365 863 2209 924">
     <span class='ocr_line' id='line_1_10' title="bbox 365 872 2128 924; baseline 0.001 -14"><span class='ocrx_word' id='word_1_83' title='bbox 365 873 425 911; x_wconf 91' lang='lat' dir='ltr'>dis</span> <span class='ocrx_word' id='word_1_84' title='bbox 455 873 573 911; x_wconf 89' lang='lat' dir='ltr'>iidem</span> <span class='ocrx_word' id='word_1_85' title='bbox 605 873 815 923; x_wconf 89' lang='lat' dir='ltr'>adsumpto</span> <span class='ocrx_word' id='word_1_86' title='bbox 846 879 986 911; x_wconf 87' lang='lat' dir='ltr'>senatu</span> <span class='ocrx_word' id='word_1_87' title='bbox 1018 872 1275 922; x_wconf 72' lang='lat' dir='ltr'>(Staatsreclzt</span> <span class='ocrx_word' id='word_1_88' title='bbox 1305 874 1341 921; x_wconf 88' lang='lat'>3,</span> <span class='ocrx_word' id='word_1_89' title='bbox 1372 874 1507 923; x_wconf 85' lang='lat'>1058).</span> <span class='ocrx_word' id='word_1_90' title='bbox 1557 874 1696 922; x_wconf 84' lang='lat' dir='ltr'>Itaque</span> <span class='ocrx_word' id='word_1_91' title='bbox 1727 873 1937 923; x_wconf 86' lang='lat' dir='ltr'>collegium</span> <span class='ocrx_word' id='word_1_92' title='bbox 1967 873 2128 924; x_wconf 72' lang='lat' dir='ltr'>aliquod</span> 
     </span>
    </p>
   </div>
   <div class='ocr_carea' id='block_1_6' title="bbox 366 941 2197 991">
    <p class='ocr_par' dir='ltr' id='par_1_6' title="bbox 366 941 2197 991">
     <span class='ocr_line' id='line_1_11' title="bbox 366 941 2197 991; baseline 0.001 -12"><span class='ocrx_word' id='word_1_93' title='bbox 366 942 614 979; x_wconf 83' lang='lat' dir='ltr'>sacerdotum</span> <span class='ocrx_word' id='word_1_94' title='bbox 644 954 729 979; x_wconf 91' lang='lat' dir='ltr'>cum</span> <span class='ocrx_word' id='word_1_95' title='bbox 761 954 811 979; x_wconf 88' lang='lat' dir='ltr'>ex</span> <span class='ocrx_word' id='word_1_96' title='bbox 842 947 933 979; x_wconf 88' lang='lat' dir='ltr'>voto</span> <span class='ocrx_word' id='word_1_97' title='bbox 964 952 1079 979; x_wconf 90' lang='lat' dir='ltr'>sacra</span> <span class='ocrx_word' id='word_1_98' title='bbox 1114 941 1311 991; x_wconf 89' lang='lat' dir='ltr'>ludosque</span> <span class='ocrx_word' id='word_1_99' title='bbox 1340 942 1454 990; x_wconf 85' lang='lat' dir='ltr'>facit,</span> <span class='ocrx_word' id='word_1_100' title='bbox 1490 941 1750 991; x_wconf 87' lang='lat' dir='ltr'>praecesserit</span> <span class='ocrx_word' id='word_1_101' title='bbox 1779 952 1943 980; x_wconf 82' lang='lat' dir='ltr'>necesse</span> <span class='ocrx_word' id='word_1_102' title='bbox 1971 946 2051 989; x_wconf 71' lang='lat' dir='ltr'>est,</span> <span class='ocrx_word' id='word_1_103' title='bbox 2089 946 2130 980; x_wconf 88' lang='lat' dir='ltr'>ut</span> <span class='ocrx_word' id='word_1_104' title='bbox 2193 983 2197 987; x_wconf 59' lang='grc'>,</span> 
     </span>
    </p>
   </div>
   <div class='ocr_carea' id='block_1_7' title="bbox 366 1007 2128 1060">
    <p class='ocr_par' dir='ltr' id='par_1_7' title="bbox 366 1007 2201 1060">
     <span class='ocr_line' id='line_1_12' title="bbox 366 1007 2128 1060; baseline 0.002 -13"><span class='ocrx_word' id='word_1_105' title='bbox 366 1015 452 1047; x_wconf 86' lang='lat' dir='ltr'>acta</span> <span class='ocrx_word' id='word_1_106' title='bbox 487 1009 693 1047; x_wconf 80' lang='lat' dir='ltr'>Arvalium</span> <span class='ocrx_word' id='word_1_107' title='bbox 739 1009 882 1047; x_wconf 85' lang='lat' dir='ltr'>alicubi</span> <span class='ocrx_word' id='word_1_108' title='bbox 926 1009 1149 1055; x_wconf 87' lang='lat' dir='ltr'>enuntiant,</span> <span class='ocrx_word' id='word_1_109' title='bbox 1194 1012 1320 1048; x_wconf 80' lang='lat' dir='ltr'>iussus</span> <span class='ocrx_word' id='word_1_110' title='bbox 1364 1010 1555 1048; x_wconf 78' lang='lat' dir='ltr'>consulum</span> <span class='ocrx_word' id='word_1_111' title='bbox 1593 1016 1627 1047; x_wconf 84' lang='lat' dir='ltr'>et</span> <span class='ocrx_word' id='word_1_112' title='bbox 1663 1014 1816 1047; x_wconf 67' lang='lat' dir='ltr'>senatus</span> <span class='ocrx_word' id='word_1_113' title='bbox 1853 1007 2128 1060; x_wconf 58' lang='lat' dir='ltr'>consultum).</span> 
     </span>
    </p>
   </div>
   <div class='ocr_carea' id='block_1_8' title="bbox 362 1076 2128 1129">
    <p class='ocr_par' dir='ltr' id='par_1_8' title="bbox 362 1076 2128 1129">
     <span class='ocr_line' id='line_1_13' title="bbox 362 1076 2128 1129; baseline 0.001 -15"><span class='ocrx_word' id='word_1_114' title='bbox 362 1076 468 1115; x_wconf 90' lang='lat' dir='ltr'>Ludi</span> <span class='ocrx_word' id='word_1_115' title='bbox 499 1077 720 1115; x_wconf 85' lang='lat' dir='ltr'>saeculares</span> <span class='ocrx_word' id='word_1_116' title='bbox 751 1089 839 1114; x_wconf 89' lang='lat' dir='ltr'>cum</span> <span class='ocrx_word' id='word_1_117' title='bbox 866 1077 946 1114; x_wconf 90' lang='lat' dir='ltr'>voti</span> <span class='ocrx_word' id='word_1_118' title='bbox 977 1083 1045 1115; x_wconf 87' lang='lat' dir='ltr'>aut</span> <span class='ocrx_word' id='word_1_119' title='bbox 1070 1081 1205 1115; x_wconf 81' lang='lat' dir='ltr'>essent</span> <span class='ocrx_word' id='word_1_120' title='bbox 1233 1085 1300 1116; x_wconf 88' lang='lat' dir='ltr'>aut</span> <span class='ocrx_word' id='word_1_121' title='bbox 1329 1089 1418 1116; x_wconf 89' lang='lat' dir='ltr'>esse</span> <span class='ocrx_word' id='word_1_122' title='bbox 1445 1077 1685 1128; x_wconf 88' lang='lat' dir='ltr'>fingerentur</span> <span class='ocrx_word' id='word_1_123' title='bbox 1707 1076 1904 1115; x_wconf 85' lang='lat' dir='ltr'>anteriore</span> <span class='ocrx_word' id='word_1_124' title='bbox 1931 1081 2062 1129; x_wconf 60' lang='lat' dir='ltr'>muto</span> <span class='ocrx_word' id='word_1_125' title='bbox 2089 1077 2128 1116; x_wconf 88' lang='lat' dir='ltr'>in</span> 
     </span>
    </p>
   </div>
   <div class='ocr_carea' id='block_1_9' title="bbox 2202 1092 2212 1192">
    <p class='ocr_par' dir='ltr' id='par_1_9' title="bbox 2202 1092 2212 1192">
     <span class='ocr_line' id='line_1_14' title="bbox 2202 1092 2212 1192; baseline 0 2604"><span class='ocrx_word' id='word_1_126' title='bbox 2202 1092 2212 1192; x_wconf 95' lang='lat' dir='ltr'> </span> 
     </span>
    </p>
   </div>
   <div class='ocr_carea' id='block_1_10' title="bbox 362 1145 2199 1332">
    <p class='ocr_par' dir='ltr' id='par_1_10' title="bbox 362 1145 2199 1332">
     <span class='ocr_line' id='line_1_15' title="bbox 363 1145 2199 1197; baseline 0.001 -15"><span class='ocrx_word' id='word_1_127' title='bbox 363 1145 597 1195; x_wconf 83' lang='lat' dir='ltr'>perpetuum</span> <span class='ocrx_word' id='word_1_128' title='bbox 626 1146 701 1192; x_wconf 88' lang='lat' dir='ltr'>ita,</span> <span class='ocrx_word' id='word_1_129' title='bbox 738 1150 781 1183; x_wconf 92' lang='lat' dir='ltr'>ut</span> <span class='ocrx_word' id='word_1_130' title='bbox 811 1145 1110 1195; x_wconf 88' lang='lat' dir='ltr'>quindecimviri</span> <span class='ocrx_word' id='word_1_131' title='bbox 1141 1157 1208 1183; x_wconf 90' lang='lat' dir='ltr'>eos</span> <span class='ocrx_word' id='word_1_132' title='bbox 1238 1145 1367 1183; x_wconf 88' lang='lat' dir='ltr'>facere</span> <span class='ocrx_word' id='word_1_133' title='bbox 1397 1146 1635 1192; x_wconf 85' lang='lat' dir='ltr'>iuberentur,</span> <span class='ocrx_word' id='word_1_134' title='bbox 1671 1145 1750 1182; x_wconf 91' lang='lat' dir='ltr'>iam</span> <span class='ocrx_word' id='word_1_135' title='bbox 1781 1150 1823 1183; x_wconf 85' lang='lat' dir='ltr'>ut</span> <span class='ocrx_word' id='word_1_136' title='bbox 1851 1155 1926 1184; x_wconf 82' lang='lat' dir='ltr'>suo</span> <span class='ocrx_word' id='word_1_137' title='bbox 1947 1149 2130 1197; x_wconf 49' lang='lat' dir='ltr'>tenpore</span> <span class='ocrx_word' id='word_1_138' title='bbox 2194 1159 2199 1197; x_wconf 74' lang='grc' dir='ltr'>ζΙ</span> 
     </span>
     <span class='ocr_line' id='line_1_16' title="bbox 363 1213 2194 1266; baseline 0.001 -16"><span class='ocrx_word' id='word_1_139' title='bbox 363 1218 467 1251; x_wconf 89' lang='lat' dir='ltr'>recte</span> <span class='ocrx_word' id='word_1_140' title='bbox 504 1214 712 1251; x_wconf 85' lang='lat' dir='ltr'>ederentur</span> <span class='ocrx_word' id='word_1_141' title='bbox 746 1213 886 1251; x_wconf 88' lang='lat' dir='ltr'>horum</span> <span class='ocrx_word' id='word_1_142' title='bbox 922 1225 1015 1251; x_wconf 87' lang='lat' dir='ltr'>cura</span> <span class='ocrx_word' id='word_1_143' title='bbox 1049 1218 1143 1251; x_wconf 90' lang='lat' dir='ltr'>erat.</span> <span class='ocrx_word' id='word_1_144' title='bbox 1203 1213 1250 1250; x_wconf 91' lang='lat' dir='ltr'>Id</span> <span class='ocrx_word' id='word_1_145' title='bbox 1285 1214 1482 1262; x_wconf 92' lang='lat' dir='ltr'>quomodo</span> <span class='ocrx_word' id='word_1_146' title='bbox 1526 1213 1683 1251; x_wconf 89' lang='lat' dir='ltr'>executi</span> <span class='ocrx_word' id='word_1_147' title='bbox 1721 1213 1820 1260; x_wconf 88' lang='lat' dir='ltr'>sint,</span> <span class='ocrx_word' id='word_1_148' title='bbox 1862 1213 2130 1265; x_wconf 45' lang='lat' dir='ltr'>aetaffiaetatis</span> <span class='ocrx_word' id='word_1_149' title='bbox 2192 1264 2194 1266; x_wconf 17' lang='lat' dir='ltr'>v</span> 
     </span>
     <span class='ocr_line' id='line_1_17' title="bbox 362 1280 2194 1332; baseline 0 -13"><span class='ocrx_word' id='word_1_150' title='bbox 362 1284 567 1332; x_wconf 85' lang='lat' dir='ltr'>Augustae</span> <span class='ocrx_word' id='word_1_151' title='bbox 599 1294 699 1331; x_wconf 90' lang='lat' dir='ltr'>quae</span> <span class='ocrx_word' id='word_1_152' title='bbox 728 1281 917 1319; x_wconf 87' lang='lat' dir='ltr'>habemus</span> <span class='ocrx_word' id='word_1_153' title='bbox 956 1293 1034 1319; x_wconf 90' lang='lat' dir='ltr'>non</span> <span class='ocrx_word' id='word_1_154' title='bbox 1066 1280 1328 1330; x_wconf 87' lang='lat' dir='ltr'>patefaciunt,</span> <span class='ocrx_word' id='word_1_155' title='bbox 1364 1281 1546 1331; x_wconf 88' lang='lat' dir='ltr'>quoniam</span> <span class='ocrx_word' id='word_1_156' title='bbox 1585 1282 1694 1330; x_wconf 88' lang='lat' dir='ltr'>prior</span> <span class='ocrx_word' id='word_1_157' title='bbox 1721 1293 1814 1332; x_wconf 87' lang='lat' dir='ltr'>pars</span> <span class='ocrx_word' id='word_1_158' title='bbox 1844 1293 1982 1320; x_wconf 83' lang='lat' dir='ltr'>eorum</span> <span class='ocrx_word' id='word_1_159' title='bbox 2009 1280 2128 1322; x_wconf 75' lang='lat' dir='ltr'>hodie</span> <span class='ocrx_word' id='word_1_160' title='bbox 2192 1298 2194 1310; x_wconf 65' lang='grc' dir='ltr'>ι</span> 
     </span>
    </p>
   </div>
   <div class='ocr_carea' id='block_1_11' title="bbox 363 1347 2128 1468">
    <p class='ocr_par' dir='ltr' id='par_1_11' title="bbox 363 1347 2128 1468">
     <span class='ocr_line' id='line_1_18' title="bbox 364 1347 2128 1400; baseline 0.002 -14"><span class='ocrx_word' id='word_1_161' title='bbox 364 1349 621 1387; x_wconf 88' lang='lat' dir='ltr'>desideratur.</span> <span class='ocrx_word' id='word_1_162' title='bbox 671 1347 764 1388; x_wconf 89' lang='lat' dir='ltr'>Sine</span> <span class='ocrx_word' id='word_1_163' title='bbox 793 1349 904 1386; x_wconf 87' lang='lat' dir='ltr'>iussu</span> <span class='ocrx_word' id='word_1_164' title='bbox 934 1349 1091 1399; x_wconf 89' lang='lat' dir='ltr'>publico</span> <span class='ocrx_word' id='word_1_165' title='bbox 1121 1360 1189 1386; x_wconf 90' lang='lat' dir='ltr'>eos</span> <span class='ocrx_word' id='word_1_166' title='bbox 1220 1349 1304 1387; x_wconf 85' lang='lat' dir='ltr'>fieri</span> <span class='ocrx_word' id='word_1_167' title='bbox 1334 1362 1412 1387; x_wconf 91' lang='lat' dir='ltr'>non</span> <span class='ocrx_word' id='word_1_168' title='bbox 1442 1350 1619 1400; x_wconf 87' lang='lat' dir='ltr'>potuisse</span> <span class='ocrx_word' id='word_1_169' title='bbox 1649 1349 1899 1388; x_wconf 84' lang='lat' dir='ltr'>manifestum</span> <span class='ocrx_word' id='word_1_170' title='bbox 1928 1355 2009 1389; x_wconf 83' lang='lat' dir='ltr'>est:</span> <span class='ocrx_word' id='word_1_171' title='bbox 2038 1361 2128 1389; x_wconf 80' lang='lat' dir='ltr'>nam</span> 
     </span>
     <span class='ocr_line' id='line_1_19' title="bbox 363 1415 2127 1468; baseline 0.001 -13"><span class='ocrx_word' id='word_1_172' title='bbox 363 1429 600 1467; x_wconf 87' lang='lat' dir='ltr'>quamquam</span> <span class='ocrx_word' id='word_1_173' title='bbox 631 1422 698 1455; x_wconf 86' lang='lat' dir='ltr'>aut</span> <span class='ocrx_word' id='word_1_174' title='bbox 720 1417 799 1454; x_wconf 88' lang='lat' dir='ltr'>voti</span> <span class='ocrx_word' id='word_1_175' title='bbox 829 1423 940 1455; x_wconf 87' lang='lat' dir='ltr'>erant</span> <span class='ocrx_word' id='word_1_176' title='bbox 961 1417 1054 1454; x_wconf 92' lang='lat' dir='ltr'>olim</span> <span class='ocrx_word' id='word_1_177' title='bbox 1085 1417 1197 1455; x_wconf 86' lang='lat' dir='ltr'>libris</span> <span class='ocrx_word' id='word_1_178' title='bbox 1220 1415 1398 1468; x_wconf 85' lang='lat' dir='ltr'>Sibyllae</span> <span class='ocrx_word' id='word_1_179' title='bbox 1426 1417 1614 1468; x_wconf 89' lang='lat' dir='ltr'>inspectis</span> <span class='ocrx_word' id='word_1_180' title='bbox 1643 1417 1799 1467; x_wconf 85' lang='lat' dir='ltr'>publice</span> <span class='ocrx_word' id='word_1_181' title='bbox 1827 1417 1869 1455; x_wconf 88' lang='lat' dir='ltr'>in</span> <span class='ocrx_word' id='word_1_182' title='bbox 1896 1421 2127 1468; x_wconf 83' lang='lat' dir='ltr'>perpetuum</span> 
     </span>
    </p>
   </div>
   <div class='ocr_carea' id='block_1_12' title="bbox 2190 1292 2216 1422">
    <p class='ocr_par' dir='ltr' id='par_1_12' title="bbox 2190 1292 2216 1422">
     <span class='ocr_line' id='line_1_20' title="bbox 2190 1292 2216 1422; baseline 0 2374"><span class='ocrx_word' id='word_1_183' title='bbox 2190 1292 2216 1422; x_wconf 95' lang='lat' dir='ltr'> </span> 
     </span>
    </p>
   </div>
   <div class='ocr_carea' id='block_1_13' title="bbox 363 1485 2130 1536">
    <p class='ocr_par' dir='ltr' id='par_1_13' title="bbox 363 1480 2216 1541">
     <span class='ocr_line' id='line_1_21' title="bbox 363 1485 2130 1536; baseline 0.001 -14"><span class='ocrx_word' id='word_1_184' title='bbox 363 1485 404 1523; x_wconf 92' lang='lat' dir='ltr'>in</span> <span class='ocrx_word' id='word_1_185' title='bbox 434 1498 577 1522; x_wconf 88' lang='lat' dir='ltr'>annum</span> <span class='ocrx_word' id='word_1_186' title='bbox 607 1490 755 1522; x_wconf 88' lang='lat' dir='ltr'>certum</span> <span class='ocrx_word' id='word_1_187' title='bbox 786 1489 853 1523; x_wconf 88' lang='lat' dir='ltr'>aut</span> <span class='ocrx_word' id='word_1_188' title='bbox 882 1497 969 1523; x_wconf 89' lang='lat' dir='ltr'>esse</span> <span class='ocrx_word' id='word_1_189' title='bbox 1000 1485 1300 1533; x_wconf 86' lang='lat' dir='ltr'>simulabantur,</span> <span class='ocrx_word' id='word_1_190' title='bbox 1339 1490 1380 1523; x_wconf 91' lang='lat' dir='ltr'>ut</span> <span class='ocrx_word' id='word_1_191' title='bbox 1409 1497 1529 1536; x_wconf 89' lang='lat' dir='ltr'>supra</span> <span class='ocrx_word' id='word_1_192' title='bbox 1558 1485 1741 1535; x_wconf 83' lang='lat' dir='ltr'>exposui,</span> <span class='ocrx_word' id='word_1_193' title='bbox 1771 1490 1876 1524; x_wconf 90' lang='lat' dir='ltr'>certe</span> <span class='ocrx_word' id='word_1_194' title='bbox 1907 1485 1987 1524; x_wconf 84' lang='lat' dir='ltr'>voti</span> <span class='ocrx_word' id='word_1_195' title='bbox 2017 1491 2130 1524; x_wconf 70' lang='lat' dir='ltr'>erant</span> 
     </span>
    </p>
   </div>
   <div class='ocr_carea' id='block_1_14' title="bbox 360 1551 2129 2352">
    <p class='ocr_par' dir='ltr' id='par_1_14' title="bbox 360 1551 2129 2352">
     <span class='ocr_line' id='line_1_22' title="bbox 360 1551 2127 1592; baseline 0.001 -3"><span class='ocrx_word' id='word_1_196' title='bbox 360 1553 403 1590; x_wconf 93' lang='lat' dir='ltr'>in</span> <span class='ocrx_word' id='word_1_197' title='bbox 431 1553 534 1590; x_wconf 92' lang='lat' dir='ltr'>diem</span> <span class='ocrx_word' id='word_1_198' title='bbox 570 1552 758 1590; x_wconf 88' lang='lat' dir='ltr'>incertum</span> <span class='ocrx_word' id='word_1_199' title='bbox 795 1559 834 1590; x_wconf 91' lang='lat' dir='ltr'>et</span> <span class='ocrx_word' id='word_1_200' title='bbox 867 1554 906 1591; x_wconf 91' lang='lat' dir='ltr'>in</span> <span class='ocrx_word' id='word_1_201' title='bbox 943 1553 1104 1591; x_wconf 87' lang='lat' dir='ltr'>edendis</span> <span class='ocrx_word' id='word_1_202' title='bbox 1139 1553 1200 1591; x_wconf 87' lang='lat' dir='ltr'>his</span> <span class='ocrx_word' id='word_1_203' title='bbox 1239 1553 1336 1591; x_wconf 90' lang='lat' dir='ltr'>adeo</span> <span class='ocrx_word' id='word_1_204' title='bbox 1366 1553 1415 1590; x_wconf 90' lang='lat' dir='ltr'>ab</span> <span class='ocrx_word' id='word_1_205' title='bbox 1445 1566 1549 1591; x_wconf 90' lang='lat' dir='ltr'>anno</span> <span class='ocrx_word' id='word_1_206' title='bbox 1579 1553 1647 1590; x_wconf 91' lang='lat' dir='ltr'>illo</span> <span class='ocrx_word' id='word_1_207' title='bbox 1678 1553 1897 1592; x_wconf 82' lang='lat' dir='ltr'>discessum</span> <span class='ocrx_word' id='word_1_208' title='bbox 1927 1558 1988 1592; x_wconf 79' lang='lat' dir='ltr'>est</span> <span class='ocrx_word' id='word_1_209' title='bbox 2021 1551 2127 1591; x_wconf 73' lang='lat' dir='ltr'>ludis</span> 
     </span>
     <span class='ocr_line' id='line_1_23' title="bbox 362 1620 2128 1670; baseline 0.001 -12"><span class='ocrx_word' id='word_1_210' title='bbox 362 1633 467 1658; x_wconf 89' lang='lat' dir='ltr'>anno</span> <span class='ocrx_word' id='word_1_211' title='bbox 498 1632 575 1658; x_wconf 91' lang='lat' dir='ltr'>uno</span> <span class='ocrx_word' id='word_1_212' title='bbox 600 1621 840 1670; x_wconf 81' lang='lat' dir='ltr'>anticipatis,</span> <span class='ocrx_word' id='word_1_213' title='bbox 871 1633 950 1670; x_wconf 86' lang='lat' dir='ltr'>qua</span> <span class='ocrx_word' id='word_1_214' title='bbox 979 1621 1027 1658; x_wconf 89' lang='lat' dir='ltr'>de</span> <span class='ocrx_word' id='word_1_215' title='bbox 1057 1634 1099 1659; x_wconf 89' lang='lat' dir='ltr'>re</span> <span class='ocrx_word' id='word_1_216' title='bbox 1128 1621 1233 1658; x_wconf 87' lang='lat' dir='ltr'>infra</span> <span class='ocrx_word' id='word_1_217' title='bbox 1254 1621 1416 1659; x_wconf 84' lang='lat' dir='ltr'>dicetur.</span> <span class='ocrx_word' id='word_1_218' title='bbox 1460 1620 1617 1659; x_wconf 90' lang='lat' dir='ltr'>XVviri</span> <span class='ocrx_word' id='word_1_219' title='bbox 1648 1626 1777 1659; x_wconf 88' lang='lat' dir='ltr'>autem</span> <span class='ocrx_word' id='word_1_220' title='bbox 1808 1621 1885 1660; x_wconf 78' lang='lat' dir='ltr'>etsi</span> <span class='ocrx_word' id='word_1_221' title='bbox 1913 1620 2128 1660; x_wconf 82' lang='lat' dir='ltr'>secundum</span> 
     </span>
     <span class='ocr_line' id='line_1_24' title="bbox 362 1687 2128 1739; baseline 0.001 -13"><span class='ocrx_word' id='word_1_222' title='bbox 362 1694 450 1727; x_wconf 89' lang='lat' dir='ltr'>acta</span> <span class='ocrx_word' id='word_1_223' title='bbox 480 1690 576 1727; x_wconf 84' lang='lat' dir='ltr'>haec</span> <span class='ocrx_word' id='word_1_224' title='bbox 606 1689 654 1726; x_wconf 89' lang='lat' dir='ltr'>de</span> <span class='ocrx_word' id='word_1_225' title='bbox 684 1688 787 1725; x_wconf 91' lang='lat' dir='ltr'>ludis</span> <span class='ocrx_word' id='word_1_226' title='bbox 817 1701 917 1727; x_wconf 85' lang='lat' dir='ltr'>more</span> <span class='ocrx_word' id='word_1_227' title='bbox 936 1689 1192 1739; x_wconf 75' lang='lat' dir='ltr'>exsemploque</span> <span class='ocrx_word' id='word_1_228' title='bbox 1211 1692 1396 1727; x_wconf 82' lang='lat' dir='ltr'>maiorum</span> <span class='ocrx_word' id='word_1_229' title='bbox 1416 1689 1579 1727; x_wconf 87' lang='lat' dir='ltr'>edendis</span> <span class='ocrx_word' id='word_1_230' title='bbox 1605 1689 1826 1727; x_wconf 85' lang='lat' dir='ltr'>contionem</span> <span class='ocrx_word' id='word_1_231' title='bbox 1854 1687 2128 1738; x_wconf 78' lang='lat' dir='ltr'>habuerunt³)</span> 
     </span>
     <span class='ocr_line' id='line_1_25' title="bbox 361 1756 2126 1807; baseline -0.001 -12"><span class='ocrx_word' id='word_1_232' title='bbox 361 1765 400 1796; x_wconf 84' lang='lat' dir='ltr'>et</span> <span class='ocrx_word' id='word_1_233' title='bbox 429 1758 587 1806; x_wconf 89' lang='lat' dir='ltr'>saepius</span> <span class='ocrx_word' id='word_1_234' title='bbox 619 1756 664 1793; x_wconf 91' lang='lat' dir='ltr'>de</span> <span class='ocrx_word' id='word_1_235' title='bbox 695 1756 745 1794; x_wconf 86' lang='lat' dir='ltr'>iis</span> <span class='ocrx_word' id='word_1_236' title='bbox 782 1757 1062 1806; x_wconf 79' lang='lat' dir='ltr'>edixerunt4),</span> <span class='ocrx_word' id='word_1_237' title='bbox 1102 1770 1181 1795; x_wconf 89' lang='lat' dir='ltr'>non</span> <span class='ocrx_word' id='word_1_238' title='bbox 1220 1758 1349 1795; x_wconf 89' lang='lat' dir='ltr'>solum</span> <span class='ocrx_word' id='word_1_239' title='bbox 1384 1757 1522 1795; x_wconf 90' lang='lat' dir='ltr'>edictis</span> <span class='ocrx_word' id='word_1_240' title='bbox 1559 1757 1640 1795; x_wconf 89' lang='lat' dir='ltr'>suis</span> <span class='ocrx_word' id='word_1_241' title='bbox 1677 1757 1908 1807; x_wconf 84' lang='lat' dir='ltr'>plerumque</span> <span class='ocrx_word' id='word_1_242' title='bbox 1947 1756 2126 1795; x_wconf 79' lang='lat' dir='ltr'>homines</span> 
     </span>
     <span class='ocr_line' id='line_1_26' title="bbox 362 1824 2126 1875; baseline 0 -12"><span class='ocrx_word' id='word_1_243' title='bbox 362 1827 690 1874; x_wconf 77' lang='lat' dir='ltr'>commonefaciunt</span> <span class='ocrx_word' id='word_1_244' title='bbox 718 1824 772 1872; x_wconf 86' lang='lat' dir='ltr'>(v.</span> <span class='ocrx_word' id='word_1_245' title='bbox 796 1824 866 1874; x_wconf 87' lang='lat'>65)</span> <span class='ocrx_word' id='word_1_246' title='bbox 897 1831 935 1861; x_wconf 86' lang='lat' dir='ltr'>et</span> <span class='ocrx_word' id='word_1_247' title='bbox 964 1825 1145 1863; x_wconf 85' lang='lat' dir='ltr'>nuntiant</span> <span class='ocrx_word' id='word_1_248' title='bbox 1176 1826 1300 1875; x_wconf 88' lang='lat' dir='ltr'>magis</span> <span class='ocrx_word' id='word_1_249' title='bbox 1330 1837 1448 1874; x_wconf 77' lang='lat' dir='ltr'>quam</span> <span class='ocrx_word' id='word_1_250' title='bbox 1477 1825 1624 1870; x_wconf 89' lang='lat' dir='ltr'>iubent,</span> <span class='ocrx_word' id='word_1_251' title='bbox 1655 1825 1726 1863; x_wconf 88' lang='lat' dir='ltr'>sed</span> <span class='ocrx_word' id='word_1_252' title='bbox 1750 1825 1868 1864; x_wconf 82' lang='lat' dir='ltr'>etiam</span> <span class='ocrx_word' id='word_1_253' title='bbox 1886 1824 1954 1864; x_wconf 85' lang='lat' dir='ltr'>ubi</span> <span class='ocrx_word' id='word_1_254' title='bbox 1979 1824 2126 1873; x_wconf 87' lang='lat' dir='ltr'>iubent,</span> 
     </span>
     <span class='ocr_line' id='line_1_27' title="bbox 360 1892 2125 1943; baseline 0.001 -13"><span class='ocrx_word' id='word_1_255' title='bbox 360 1893 401 1930; x_wconf 92' lang='lat' dir='ltr'>id</span> <span class='ocrx_word' id='word_1_256' title='bbox 430 1893 594 1930; x_wconf 78' lang='lat' dir='ltr'>fecerint</span> <span class='ocrx_word' id='word_1_257' title='bbox 623 1903 787 1930; x_wconf 85' lang='lat' dir='ltr'>necesse</span> <span class='ocrx_word' id='word_1_258' title='bbox 817 1898 878 1930; x_wconf 86' lang='lat' dir='ltr'>est</span> <span class='ocrx_word' id='word_1_259' title='bbox 908 1893 1047 1931; x_wconf 86' lang='lat' dir='ltr'>muniti</span> <span class='ocrx_word' id='word_1_260' title='bbox 1077 1894 1311 1931; x_wconf 85' lang='lat' dir='ltr'>auctoritate</span> <span class='ocrx_word' id='word_1_261' title='bbox 1341 1894 1474 1942; x_wconf 85' lang='lat' dir='ltr'>aliqua</span> <span class='ocrx_word' id='word_1_262' title='bbox 1500 1906 1589 1931; x_wconf 89' lang='lat' dir='ltr'>vere</span> <span class='ocrx_word' id='word_1_263' title='bbox 1618 1893 1791 1943; x_wconf 81' lang='lat' dir='ltr'>publica,</span> <span class='ocrx_word' id='word_1_264' title='bbox 1820 1893 2014 1943; x_wconf 73' lang='lat' dir='ltr'>sine&#39;qua</span> <span class='ocrx_word' id='word_1_265' title='bbox 2041 1892 2125 1931; x_wconf 85' lang='lat' dir='ltr'>fieri</span> 
     </span>
     <span class='ocr_line' id='line_1_28' title="bbox 361 1959 2129 2011; baseline -0.001 -12"><span class='ocrx_word' id='word_1_266' title='bbox 361 1974 441 1999; x_wconf 90' lang='lat' dir='ltr'>non</span> <span class='ocrx_word' id='word_1_267' title='bbox 470 1961 615 2011; x_wconf 83' lang='lat' dir='ltr'>potuit,</span> <span class='ocrx_word' id='word_1_268' title='bbox 651 1966 693 1998; x_wconf 86' lang='lat' dir='ltr'>ut</span> <span class='ocrx_word' id='word_1_269' title='bbox 722 1960 852 1998; x_wconf 88' lang='lat' dir='ltr'>triduo</span> <span class='ocrx_word' id='word_1_270' title='bbox 882 1960 970 2006; x_wconf 86' lang='lat' dir='ltr'>illo,</span> <span class='ocrx_word' id='word_1_271' title='bbox 1006 1972 1084 2010; x_wconf 91' lang='lat' dir='ltr'>quo</span> <span class='ocrx_word' id='word_1_272' title='bbox 1115 1961 1198 1999; x_wconf 89' lang='lat' dir='ltr'>ludi</span> <span class='ocrx_word' id='word_1_273' title='bbox 1232 1961 1325 1999; x_wconf 89' lang='lat' dir='ltr'>facti</span> <span class='ocrx_word' id='word_1_274' title='bbox 1355 1966 1466 2008; x_wconf 91' lang='lat' dir='ltr'>sunt,</span> <span class='ocrx_word' id='word_1_275' title='bbox 1497 1962 1626 2010; x_wconf 82' lang='lat' dir='ltr'>feriae</span> <span class='ocrx_word' id='word_1_276' title='bbox 1660 1960 1841 2011; x_wconf 85' lang='lat' dir='ltr'>publicae</span> <span class='ocrx_word' id='word_1_277' title='bbox 1870 1966 2007 2000; x_wconf 84' lang='lat' dir='ltr'>essent.</span> <span class='ocrx_word' id='word_1_278' title='bbox 2019 1959 2059 2011; x_wconf 83' lang='lat'>⁵)</span> <span class='ocrx_word' id='word_1_279' title='bbox 2089 1965 2129 1999; x_wconf 88' lang='lat' dir='ltr'>et</span> 
     </span>
     <span class='ocr_line' id='line_1_29' title="bbox 360 2027 2126 2080; baseline 0 -14"><span class='ocrx_word' id='word_1_280' title='bbox 360 2029 449 2067; x_wconf 90' lang='lat' dir='ltr'>lites</span> <span class='ocrx_word' id='word_1_281' title='bbox 471 2029 719 2078; x_wconf 86' lang='lat' dir='ltr'>quiescerent</span> <span class='ocrx_word' id='word_1_282' title='bbox 749 2028 803 2078; x_wconf 88' lang='lat' dir='ltr'>(v.</span> <span class='ocrx_word' id='word_1_283' title='bbox 830 2029 890 2066; x_wconf 86' lang='lat'>13.</span> <span class='ocrx_word' id='word_1_284' title='bbox 918 2028 997 2078; x_wconf 87' lang='lat'>14).</span> <span class='ocrx_word' id='word_1_285' title='bbox 1042 2029 1141 2066; x_wconf 88' lang='lat' dir='ltr'>Item</span> <span class='ocrx_word' id='word_1_286' title='bbox 1162 2042 1247 2067; x_wconf 88' lang='lat' dir='ltr'>cum</span> <span class='ocrx_word' id='word_1_287' title='bbox 1271 2030 1493 2067; x_wconf 74' lang='lat' dir='ltr'>denuntiant</span> <span class='ocrx_word' id='word_1_288' title='bbox 1519 2028 1713 2067; x_wconf 85' lang='lat' dir='ltr'>matribus</span> <span class='ocrx_word' id='word_1_289' title='bbox 1734 2028 1907 2068; x_wconf 85' lang='lat' dir='ltr'>familias</span> <span class='ocrx_word' id='word_1_290' title='bbox 1927 2027 2005 2068; x_wconf 86' lang='lat' dir='ltr'>CX</span> <span class='ocrx_word' id='word_1_291' title='bbox 2033 2041 2126 2080; x_wconf 85' lang='lat' dir='ltr'>pue-</span> 
     </span>
     <span class='ocr_line' id='line_1_30' title="bbox 361 2096 2128 2148; baseline 0.001 -14"><span class='ocrx_word' id='word_1_292' title='bbox 361 2098 495 2146; x_wconf 90' lang='lat' dir='ltr'>risque</span> <span class='ocrx_word' id='word_1_293' title='bbox 526 2103 564 2134; x_wconf 90' lang='lat' dir='ltr'>et</span> <span class='ocrx_word' id='word_1_294' title='bbox 594 2097 736 2146; x_wconf 87' lang='lat' dir='ltr'>puellis</span> <span class='ocrx_word' id='word_1_295' title='bbox 768 2096 942 2146; x_wconf 85' lang='lat' dir='ltr'>septenis</span> <span class='ocrx_word' id='word_1_296' title='bbox 977 2096 1135 2144; x_wconf 84' lang='lat' dir='ltr'>vicenis,</span> <span class='ocrx_word' id='word_1_297' title='bbox 1166 2097 1205 2134; x_wconf 91' lang='lat' dir='ltr'>id</span> <span class='ocrx_word' id='word_1_298' title='bbox 1231 2097 1459 2135; x_wconf 89' lang='lat' dir='ltr'>vocabulum</span> <span class='ocrx_word' id='word_1_299' title='bbox 1491 2097 1651 2135; x_wconf 91' lang='lat' dir='ltr'>omnino</span> <span class='ocrx_word' id='word_1_300' title='bbox 1680 2096 1737 2135; x_wconf 80' lang='lat' dir='ltr'>ita</span> <span class='ocrx_word' id='word_1_301' title='bbox 1766 2096 2036 2148; x_wconf 82' lang='lat' dir='ltr'>accipiendum</span> <span class='ocrx_word' id='word_1_302' title='bbox 2065 2102 2128 2135; x_wconf 85' lang='lat' dir='ltr'>est</span> 
     </span>
     <span class='ocr_line' id='line_1_31' title="bbox 361 2164 2125 2215; baseline 0 -12"><span class='ocrx_word' id='word_1_303' title='bbox 361 2173 406 2203; x_wconf 86' lang='lat' dir='ltr'>ut</span> <span class='ocrx_word' id='word_1_304' title='bbox 435 2165 625 2215; x_wconf 89' lang='lat' dir='ltr'>accipitur</span> <span class='ocrx_word' id='word_1_305' title='bbox 654 2165 694 2202; x_wconf 91' lang='lat' dir='ltr'>in</span> <span class='ocrx_word' id='word_1_306' title='bbox 725 2164 910 2210; x_wconf 89' lang='lat' dir='ltr'>testibus;</span> <span class='ocrx_word' id='word_1_307' title='bbox 946 2171 1093 2214; x_wconf 85' lang='lat' dir='ltr'>cogunt</span> <span class='ocrx_word' id='word_1_308' title='bbox 1121 2165 1241 2214; x_wconf 90' lang='lat' dir='ltr'>igitur</span> <span class='ocrx_word' id='word_1_309' title='bbox 1268 2165 1456 2215; x_wconf 87' lang='lat' dir='ltr'>legitime,</span> <span class='ocrx_word' id='word_1_310' title='bbox 1487 2171 1527 2202; x_wconf 87' lang='lat' dir='ltr'>at</span> <span class='ocrx_word' id='word_1_311' title='bbox 1556 2177 1635 2203; x_wconf 90' lang='lat' dir='ltr'>non</span> <span class='ocrx_word' id='word_1_312' title='bbox 1664 2177 1736 2203; x_wconf 85' lang='lat' dir='ltr'>sua</span> <span class='ocrx_word' id='word_1_313' title='bbox 1764 2165 1852 2204; x_wconf 85' lang='lat' dir='ltr'>sola</span> <span class='ocrx_word' id='word_1_314' title='bbox 1879 2164 2125 2204; x_wconf 66' lang='lat' dir='ltr'>auctoritate.</span> 
     </span>
     <span class='ocr_line' id='line_1_32' title="bbox 360 2232 2126 2283; baseline -0.001 -12"><span class='ocrx_word' id='word_1_315' title='bbox 360 2235 515 2271; x_wconf 86' lang='lat' dir='ltr'>Auctor</span> <span class='ocrx_word' id='word_1_316' title='bbox 543 2238 671 2270; x_wconf 86' lang='lat' dir='ltr'>autem</span> <span class='ocrx_word' id='word_1_317' title='bbox 702 2232 742 2269; x_wconf 90' lang='lat' dir='ltr'>in</span> <span class='ocrx_word' id='word_1_318' title='bbox 773 2246 821 2270; x_wconf 91' lang='lat' dir='ltr'>ea</span> <span class='ocrx_word' id='word_1_319' title='bbox 850 2246 891 2270; x_wconf 88' lang='lat' dir='ltr'>re</span> <span class='ocrx_word' id='word_1_320' title='bbox 910 2232 1085 2271; x_wconf 87' lang='lat' dir='ltr'>XVviris</span> <span class='ocrx_word' id='word_1_321' title='bbox 1115 2245 1202 2270; x_wconf 90' lang='lat' dir='ltr'>cum</span> <span class='ocrx_word' id='word_1_322' title='bbox 1235 2245 1324 2271; x_wconf 88' lang='lat' dir='ltr'>esse</span> <span class='ocrx_word' id='word_1_323' title='bbox 1353 2245 1430 2270; x_wconf 92' lang='lat' dir='ltr'>non</span> <span class='ocrx_word' id='word_1_324' title='bbox 1461 2233 1632 2283; x_wconf 86' lang='lat' dir='ltr'>potuerit</span> <span class='ocrx_word' id='word_1_325' title='bbox 1660 2233 1739 2271; x_wconf 89' lang='lat' dir='ltr'>nisi</span> <span class='ocrx_word' id='word_1_326' title='bbox 1769 2238 1838 2271; x_wconf 83' lang='lat' dir='ltr'>aut</span> <span class='ocrx_word' id='word_1_327' title='bbox 1866 2239 2028 2272; x_wconf 85' lang='lat' dir='ltr'>senatus</span> <span class='ocrx_word' id='word_1_328' title='bbox 2058 2236 2126 2271; x_wconf 81' lang='lat' dir='ltr'>aut</span> 
     </span>
     <span class='ocr_line' id='line_1_33' title="bbox 360 2299 2125 2352; baseline -0.001 -13"><span class='ocrx_word' id='word_1_329' title='bbox 360 2301 557 2351; x_wconf 86' lang='lat' dir='ltr'>princeps,</span> <span class='ocrx_word' id='word_1_330' title='bbox 590 2301 812 2339; x_wconf 88' lang='lat' dir='ltr'>decrevisse</span> <span class='ocrx_word' id='word_1_331' title='bbox 841 2301 889 2338; x_wconf 91' lang='lat' dir='ltr'>de</span> <span class='ocrx_word' id='word_1_332' title='bbox 918 2300 1021 2338; x_wconf 92' lang='lat' dir='ltr'>ludis</span> <span class='ocrx_word' id='word_1_333' title='bbox 1043 2300 1204 2338; x_wconf 89' lang='lat' dir='ltr'>edendis</span> <span class='ocrx_word' id='word_1_334' title='bbox 1226 2306 1404 2339; x_wconf 87' lang='lat' dir='ltr'>senatum</span> <span class='ocrx_word' id='word_1_335' title='bbox 1434 2301 1513 2339; x_wconf 85' lang='lat' dir='ltr'>iam</span> <span class='ocrx_word' id='word_1_336' title='bbox 1542 2301 1784 2352; x_wconf 83' lang='lat' dir='ltr'>patefaciunt</span> <span class='ocrx_word' id='word_1_337' title='bbox 1802 2307 1890 2340; x_wconf 79' lang='lat' dir='ltr'>acta</span> <span class='ocrx_word' id='word_1_338' title='bbox 1910 2299 2125 2341; x_wconf 73' lang='lat' dir='ltr'>Severiana</span> 
     </span>
    </p>
   </div>
   <div class='ocr_carea' id='block_1_15' title="bbox 357 2541 2124 3389">
    <p class='ocr_par' dir='ltr' id='par_1_15' title="bbox 359 2541 2124 2770">
     <span class='ocr_line' id='line_1_34' title="bbox 464 2541 2124 2586; baseline 0.001 -10"><span class='ocrx_word' id='word_1_339' title='bbox 464 2543 494 2584; x_wconf 88' lang='lat'>¹)</span> <span class='ocrx_word' id='word_1_340' title='bbox 533 2542 761 2586; x_wconf 88' lang='lat' dir='ltr'>Reperiuntur</span> <span class='ocrx_word' id='word_1_341' title='bbox 779 2543 879 2575; x_wconf 88' lang='lat' dir='ltr'>etiam</span> <span class='ocrx_word' id='word_1_342' title='bbox 907 2553 1005 2576; x_wconf 85' lang='lat' dir='ltr'>sacra</span> <span class='ocrx_word' id='word_1_343' title='bbox 1030 2543 1119 2575; x_wconf 88' lang='lat' dir='ltr'>inter</span> <span class='ocrx_word' id='word_1_344' title='bbox 1135 2542 1324 2576; x_wconf 81' lang='lat' dir='ltr'>sacerdotes</span> <span class='ocrx_word' id='word_1_345' title='bbox 1351 2548 1384 2575; x_wconf 92' lang='lat' dir='ltr'>et</span> <span class='ocrx_word' id='word_1_346' title='bbox 1408 2544 1622 2586; x_wconf 84' lang='lat' dir='ltr'>magistratus</span> <span class='ocrx_word' id='word_1_347' title='bbox 1645 2544 1694 2576; x_wconf 79' lang='lat' dir='ltr'>ita</span> <span class='ocrx_word' id='word_1_348' title='bbox 1711 2544 1830 2585; x_wconf 81' lang='lat' dir='ltr'>divisa,</span> <span class='ocrx_word' id='word_1_349' title='bbox 1856 2547 1894 2576; x_wconf 89' lang='lat' dir='ltr'>ut</span> <span class='ocrx_word' id='word_1_350' title='bbox 1918 2542 1970 2576; x_wconf 91' lang='lat' dir='ltr'>illi</span> <span class='ocrx_word' id='word_1_351' title='bbox 1993 2541 2124 2577; x_wconf 84' lang='lat' dir='ltr'>hostias</span> 
     </span>
     <span class='ocr_line' id='line_1_35' title="bbox 360 2605 2123 2648; baseline 0 -10"><span class='ocrx_word' id='word_1_352' title='bbox 360 2605 548 2646; x_wconf 86' lang='lat' dir='ltr'>immolent,</span> <span class='ocrx_word' id='word_1_353' title='bbox 576 2605 611 2636; x_wconf 92' lang='lat' dir='ltr'>hi</span> <span class='ocrx_word' id='word_1_354' title='bbox 638 2605 728 2638; x_wconf 88' lang='lat' dir='ltr'>ludis</span> <span class='ocrx_word' id='word_1_355' title='bbox 753 2605 915 2647; x_wconf 88' lang='lat' dir='ltr'>praesint.</span> <span class='ocrx_word' id='word_1_356' title='bbox 967 2606 1020 2636; x_wconf 83' lang='lat' dir='ltr'>Ita</span> <span class='ocrx_word' id='word_1_357' title='bbox 1045 2605 1082 2636; x_wconf 91' lang='lat' dir='ltr'>in</span> <span class='ocrx_word' id='word_1_358' title='bbox 1108 2605 1256 2637; x_wconf 86' lang='lat' dir='ltr'>carmine</span> <span class='ocrx_word' id='word_1_359' title='bbox 1282 2605 1472 2645; x_wconf 83' lang='lat' dir='ltr'>Marciano,</span> <span class='ocrx_word' id='word_1_360' title='bbox 1500 2605 1685 2638; x_wconf 89' lang='lat' dir='ltr'>secundum</span> <span class='ocrx_word' id='word_1_361' title='bbox 1711 2605 1802 2647; x_wconf 89' lang='lat' dir='ltr'>quod</span> <span class='ocrx_word' id='word_1_362' title='bbox 1828 2605 2046 2648; x_wconf 67' lang='lat' dir='ltr'>Apollinaris</span> <span class='ocrx_word' id='word_1_363' title='bbox 2070 2606 2123 2638; x_wconf 87' lang='lat' dir='ltr'>in-</span> 
     </span>
     <span class='ocr_line' id='line_1_36' title="bbox 359 2664 2121 2710; baseline 0.001 -12"><span class='ocrx_word' id='word_1_364' title='bbox 359 2667 475 2698; x_wconf 85' lang='lat' dir='ltr'>stituta</span> <span class='ocrx_word' id='word_1_365' title='bbox 502 2672 590 2707; x_wconf 86' lang='lat' dir='ltr'>sunt,</span> <span class='ocrx_word' id='word_1_366' title='bbox 618 2667 818 2698; x_wconf 85' lang='lat' dir='ltr'>ordinantur</span> <span class='ocrx_word' id='word_1_367' title='bbox 836 2666 901 2698; x_wconf 83' lang='lat' dir='ltr'>sic:</span> <span class='ocrx_word' id='word_1_368' title='bbox 929 2664 982 2697; x_wconf 74' lang='lat' dir='ltr'>his</span> <span class='ocrx_word' id='word_1_369' title='bbox 1004 2664 1092 2697; x_wconf 76' lang='lat' dir='ltr'>ludis</span> <span class='ocrx_word' id='word_1_370' title='bbox 1107 2664 1284 2707; x_wconf 76' lang='lat' dir='ltr'>faciendis</span> <span class='ocrx_word' id='word_1_371' title='bbox 1301 2667 1456 2709; x_wconf 80' lang='lat' dir='ltr'>praeerit</span> <span class='ocrx_word' id='word_1_372' title='bbox 1474 2671 1616 2710; x_wconf 76' lang='lat' dir='ltr'>praetor</span> <span class='ocrx_word' id='word_1_373' title='bbox 1641 2667 1671 2698; x_wconf 76' lang='lat' dir='ltr'>is</span> <span class='ocrx_word' id='word_1_374' title='bbox 1696 2666 1754 2710; x_wconf 83' lang='lat' dir='ltr'>qui</span> <span class='ocrx_word' id='word_1_375' title='bbox 1776 2666 1830 2698; x_wconf 76' lang='lat' dir='ltr'>ius</span> <span class='ocrx_word' id='word_1_376' title='bbox 1849 2666 1974 2710; x_wconf 82' lang='lat' dir='ltr'>populo</span> <span class='ocrx_word' id='word_1_377' title='bbox 1993 2665 2121 2710; x_wconf 80' lang='lat' dir='ltr'>plebei-</span> 
     </span>
     <span class='ocr_line' id='line_1_37' title="bbox 360 2725 1976 2770; baseline 0.001 -11"><span class='ocrx_word' id='word_1_378' title='bbox 360 2738 419 2770; x_wconf 72' lang='lat' dir='ltr'>que</span> <span class='ocrx_word' id='word_1_379' title='bbox 446 2727 540 2760; x_wconf 72' lang='lat' dir='ltr'>dabit</span> <span class='ocrx_word' id='word_1_380' title='bbox 566 2738 716 2760; x_wconf 82' lang='lat' dir='ltr'>summum</span> <span class='ocrx_word' id='word_1_381' title='bbox 725 2739 735 2766; x_wconf 86' lang='lat'><em>;</em></span> <span class='ocrx_word' id='word_1_382' title='bbox 763 2727 941 2759; x_wconf 78' lang='lat' dir='ltr'>decemviri</span> <span class='ocrx_word' id='word_1_383' title='bbox 969 2725 1095 2759; x_wconf 71' lang='lat' dir='ltr'>Graeco</span> <span class='ocrx_word' id='word_1_384' title='bbox 1121 2727 1189 2759; x_wconf 69' lang='lat' dir='ltr'>ritu</span> <span class='ocrx_word' id='word_1_385' title='bbox 1214 2726 1333 2759; x_wconf 75' lang='lat' dir='ltr'>hostiis</span> <span class='ocrx_word' id='word_1_386' title='bbox 1357 2738 1457 2760; x_wconf 75' lang='lat' dir='ltr'>saera</span> <span class='ocrx_word' id='word_1_387' title='bbox 1471 2727 1615 2769; x_wconf 81' lang='lat' dir='ltr'>faciant</span> <span class='ocrx_word' id='word_1_388' title='bbox 1640 2727 1728 2768; x_wconf 88' lang='lat' dir='ltr'>(Liv.</span> <span class='ocrx_word' id='word_1_389' title='bbox 1749 2728 1806 2768; x_wconf 83' lang='lat'>25,</span> <span class='ocrx_word' id='word_1_390' title='bbox 1827 2728 1884 2768; x_wconf 87' lang='lat'>12,</span> <span class='ocrx_word' id='word_1_391' title='bbox 1906 2727 1976 2768; x_wconf 88' lang='grc'>10).</span> 
     </span>
    </p>

    <p class='ocr_par' dir='ltr' id='par_1_16' title="bbox 461 2787 1894 2829">
     <span class='ocr_line' id='line_1_38' title="bbox 461 2787 1894 2829; baseline 0.001 -9"><span class='ocrx_word' id='word_1_392' title='bbox 461 2787 492 2829; x_wconf 81' lang='grc'>2)</span> <span class='ocrx_word' id='word_1_393' title='bbox 532 2790 621 2821; x_wconf 83' lang='lat' dir='ltr'>Acta</span> <span class='ocrx_word' id='word_1_394' title='bbox 647 2800 677 2821; x_wconf 86' lang='lat' dir='ltr'>a.</span> <span class='ocrx_word' id='word_1_395' title='bbox 699 2789 742 2821; x_wconf 86' lang='lat'>37</span> <span class='ocrx_word' id='word_1_396' title='bbox 770 2789 845 2821; x_wconf 86' lang='lat' dir='ltr'>Ian.</span> <span class='ocrx_word' id='word_1_397' title='bbox 866 2788 928 2828; x_wconf 76' lang='lat'>233</span> <span class='ocrx_word' id='word_1_398' title='bbox 962 2788 1004 2820; x_wconf 86' lang='lat' dir='ltr'>cf.</span> <span class='ocrx_word' id='word_1_399' title='bbox 1032 2790 1138 2821; x_wconf 86' lang='lat' dir='ltr'>altera</span> <span class='ocrx_word' id='word_1_400' title='bbox 1163 2799 1193 2821; x_wconf 87' lang='lat' dir='ltr'>a.</span> <span class='ocrx_word' id='word_1_401' title='bbox 1215 2789 1259 2821; x_wconf 89' lang='grc'>89</span> <span class='ocrx_word' id='word_1_402' title='bbox 1286 2789 1361 2821; x_wconf 88' lang='lat' dir='ltr'>Ian.</span> <span class='ocrx_word' id='word_1_403' title='bbox 1386 2790 1441 2821; x_wconf 85' lang='lat'>17.</span> <span class='ocrx_word' id='word_1_404' title='bbox 1494 2788 1702 2822; x_wconf 69' lang='lat' dir='ltr'>Staatsrecht</span> <span class='ocrx_word' id='word_1_405' title='bbox 1729 2787 1785 2829; x_wconf 78' lang='lat'>2³,</span> <span class='ocrx_word' id='word_1_406' title='bbox 1814 2789 1894 2822; x_wconf 86' lang='lat'>135.</span> 
     </span>
    </p>

    <p class='ocr_par' dir='ltr' id='par_1_17' title="bbox 358 2849 2122 3076">
     <span class='ocr_line' id='line_1_39' title="bbox 461 2849 2122 2894; baseline 0.001 -12"><span class='ocrx_word' id='word_1_407' title='bbox 461 2849 491 2890; x_wconf 81' lang='lat'>3)</span> <span class='ocrx_word' id='word_1_408' title='bbox 532 2852 698 2883; x_wconf 88' lang='lat' dir='ltr'>Actorum</span> <span class='ocrx_word' id='word_1_409' title='bbox 725 2861 754 2882; x_wconf 93' lang='lat' dir='ltr'>v.</span> <span class='ocrx_word' id='word_1_410' title='bbox 781 2850 842 2890; x_wconf 82' lang='lat'>263</span> <span class='ocrx_word' id='word_1_411' title='bbox 880 2849 922 2881; x_wconf 88' lang='lat' dir='ltr'>cf.</span> <span class='ocrx_word' id='word_1_412' title='bbox 949 2850 1068 2882; x_wconf 85' lang='lat' dir='ltr'>Festus</span> <span class='ocrx_word' id='word_1_413' title='bbox 1101 2860 1153 2892; x_wconf 88' lang='lat' dir='ltr'>ep.</span> <span class='ocrx_word' id='word_1_414' title='bbox 1181 2860 1212 2891; x_wconf 90' lang='lat' dir='ltr'>p.</span> <span class='ocrx_word' id='word_1_415' title='bbox 1233 2850 1295 2882; x_wconf 83' lang='lat'>38:</span> <span class='ocrx_word' id='word_1_416' title='bbox 1335 2851 1443 2882; x_wconf 80' lang='lat' dir='ltr'>contio</span> <span class='ocrx_word' id='word_1_417' title='bbox 1477 2851 1645 2894; x_wconf 73' lang='lat' dir='ltr'>siqmficat</span> <span class='ocrx_word' id='word_1_418' title='bbox 1676 2854 1881 2891; x_wconf 79' lang='lat' dir='ltr'>conventum,</span> <span class='ocrx_word' id='word_1_419' title='bbox 1916 2860 1982 2883; x_wconf 81' lang='lat' dir='ltr'>non</span> <span class='ocrx_word' id='word_1_420' title='bbox 2015 2854 2122 2883; x_wconf 82' lang='lat' dir='ltr'>tamen</span> 
     </span>
     <span class='ocr_line' id='line_1_40' title="bbox 359 2910 2121 2955; baseline 0.001 -13"><span class='ocrx_word' id='word_1_421' title='bbox 359 2911 461 2943; x_wconf 84' lang='lat' dir='ltr'>alium</span> <span class='ocrx_word' id='word_1_422' title='bbox 487 2922 582 2954; x_wconf 81' lang='lat' dir='ltr'>quam</span> <span class='ocrx_word' id='word_1_423' title='bbox 608 2922 678 2944; x_wconf 83' lang='lat' dir='ltr'>eum</span> <span class='ocrx_word' id='word_1_424' title='bbox 703 2912 761 2955; x_wconf 79' lang='lat' dir='ltr'>qui</span> <span class='ocrx_word' id='word_1_425' title='bbox 786 2922 808 2943; x_wconf 89' lang='grc' dir='ltr'><em>α</em></span> <span class='ocrx_word' id='word_1_426' title='bbox 832 2911 1033 2953; x_wconf 74' lang='lat' dir='ltr'>maqz&#39;stratu</span> <span class='ocrx_word' id='word_1_427' title='bbox 1058 2910 1111 2943; x_wconf 86' lang='lat' dir='ltr'>vel</span> <span class='ocrx_word' id='word_1_428' title='bbox 1134 2910 1305 2943; x_wconf 77' lang='lat' dir='ltr'>sacerdote</span> <span class='ocrx_word' id='word_1_429' title='bbox 1328 2910 1466 2954; x_wconf 79' lang='lat' dir='ltr'>publico</span> <span class='ocrx_word' id='word_1_430' title='bbox 1493 2922 1559 2955; x_wconf 79' lang='lat' dir='ltr'>per</span> <span class='ocrx_word' id='word_1_431' title='bbox 1580 2921 1776 2955; x_wconf 79' lang='lat' dir='ltr'>praeconem</span> <span class='ocrx_word' id='word_1_432' title='bbox 1801 2915 2012 2944; x_wconf 72' lang='lat' dir='ltr'>convocatur.</span> <span class='ocrx_word' id='word_1_433' title='bbox 2061 2912 2121 2944; x_wconf 91' lang='lat' dir='ltr'>Ius</span> 
     </span>
     <span class='ocr_line' id='line_1_41' title="bbox 359 2971 2120 3016; baseline 0.001 -11"><span class='ocrx_word' id='word_1_434' title='bbox 359 2973 579 3005; x_wconf 88' lang='lat' dir='ltr'>contionandi</span> <span class='ocrx_word' id='word_1_435' title='bbox 613 2974 835 3015; x_wconf 87' lang='lat' dir='ltr'>edicendique</span> <span class='ocrx_word' id='word_1_436' title='bbox 861 2972 1074 3004; x_wconf 87' lang='lat' dir='ltr'>sacerdotum</span> <span class='ocrx_word' id='word_1_437' title='bbox 1103 2982 1165 3015; x_wconf 87' lang='lat' dir='ltr'>ego</span> <span class='ocrx_word' id='word_1_438' title='bbox 1193 2971 1404 3005; x_wconf 79' lang='lat' dir='ltr'>Staatsreclzt</span> <span class='ocrx_word' id='word_1_439' title='bbox 1430 2974 1462 3013; x_wconf 90' lang='lat'>1,</span> <span class='ocrx_word' id='word_1_440' title='bbox 1492 2974 1572 3006; x_wconf 84' lang='lat'>200.</span> <span class='ocrx_word' id='word_1_441' title='bbox 1601 2974 1671 3006; x_wconf 83' lang='lat'>204</span> <span class='ocrx_word' id='word_1_442' title='bbox 1703 2973 1857 3006; x_wconf 86' lang='lat' dir='ltr'>terminis</span> <span class='ocrx_word' id='word_1_443' title='bbox 1888 2973 1990 3006; x_wconf 83' lang='lat' dir='ltr'>nimis</span> <span class='ocrx_word' id='word_1_444' title='bbox 2015 2982 2120 3016; x_wconf 76' lang='lat' dir='ltr'>angu-</span> 
     </span>
     <span class='ocr_line' id='line_1_42' title="bbox 358 3034 2111 3076; baseline 0.001 -11"><span class='ocrx_word' id='word_1_445' title='bbox 358 3034 417 3066; x_wconf 87' lang='lat' dir='ltr'>stis</span> <span class='ocrx_word' id='word_1_446' title='bbox 444 3035 595 3066; x_wconf 88' lang='lat' dir='ltr'>conclusi</span> <span class='ocrx_word' id='word_1_447' title='bbox 620 3035 683 3067; x_wconf 90' lang='lat' dir='ltr'>soli</span> <span class='ocrx_word' id='word_1_448' title='bbox 710 3034 861 3076; x_wconf 87' lang='lat' dir='ltr'>pontifici</span> <span class='ocrx_word' id='word_1_449' title='bbox 890 3034 1040 3065; x_wconf 85' lang='lat' dir='ltr'>maximo</span> <span class='ocrx_word' id='word_1_450' title='bbox 1067 3034 1103 3065; x_wconf 87' lang='lat' dir='ltr'>id</span> <span class='ocrx_word' id='word_1_451' title='bbox 1131 3034 1327 3066; x_wconf 85' lang='lat' dir='ltr'>attribuens.</span> <span class='ocrx_word' id='word_1_452' title='bbox 2108 3072 2111 3076; x_wconf 27' lang='lat'><em>=</em></span> 
     </span>
    </p>

    <p class='ocr_par' dir='ltr' id='par_1_18' title="bbox 357 3093 2119 3389">
     <span class='ocr_line' id='line_1_43' title="bbox 458 3093 2119 3138; baseline -0.001 -10"><span class='ocrx_word' id='word_1_453' title='bbox 458 3094 490 3136; x_wconf 78' lang='lat'>4)</span> <span class='ocrx_word' id='word_1_454' title='bbox 530 3096 757 3138; x_wconf 85' lang='lat' dir='ltr'>Praescriptio</span> <span class='ocrx_word' id='word_1_455' title='bbox 785 3099 919 3127; x_wconf 85' lang='lat' dir='ltr'>servata</span> <span class='ocrx_word' id='word_1_456' title='bbox 945 3099 994 3126; x_wconf 88' lang='lat' dir='ltr'>est</span> <span class='ocrx_word' id='word_1_457' title='bbox 1020 3099 1171 3127; x_wconf 87' lang='lat' dir='ltr'>actorum</span> <span class='ocrx_word' id='word_1_458' title='bbox 1198 3106 1229 3128; x_wconf 91' lang='lat' dir='ltr'>v.</span> <span class='ocrx_word' id='word_1_459' title='bbox 1250 3096 1295 3127; x_wconf 87' lang='grc'>64</span> <span class='ocrx_word' id='word_1_460' title='bbox 1321 3100 1354 3127; x_wconf 88' lang='lat' dir='ltr'>et</span> <span class='ocrx_word' id='word_1_461' title='bbox 1375 3095 1459 3128; x_wconf 78' lang='lat'>154:</span> <span class='ocrx_word' id='word_1_462' title='bbox 1487 3093 1653 3136; x_wconf 63' lang='lat' dir='ltr'>XVvirffl</span> <span class='ocrx_word' id='word_1_463' title='bbox 1679 3094 1814 3136; x_wconf 74' lang='lat' dir='ltr'>3(acri8)</span> <span class='ocrx_word' id='word_1_464' title='bbox 1837 3093 2042 3137; x_wconf 60' lang='lat' dir='ltr'>flac-tundis)</span> <span class='ocrx_word' id='word_1_465' title='bbox 2068 3093 2119 3127; x_wconf 78' lang='lat' dir='ltr'>di-</span> 
     </span>
     <span class='ocr_line' id='line_1_44' title="bbox 358 3154 2118 3198; baseline -0.001 -10"><span class='ocrx_word' id='word_1_466' title='bbox 358 3161 447 3198; x_wconf 76' lang='lat' dir='ltr'>cunt3</span> <span class='ocrx_word' id='word_1_467' title='bbox 483 3161 715 3189; x_wconf 87' lang='lat' dir='ltr'>memorantur</span> <span class='ocrx_word' id='word_1_468' title='bbox 745 3157 855 3188; x_wconf 85' lang='lat' dir='ltr'>edicta</span> <span class='ocrx_word' id='word_1_469' title='bbox 882 3166 913 3188; x_wconf 89' lang='lat' dir='ltr'>v.</span> <span class='ocrx_word' id='word_1_470' title='bbox 935 3156 991 3187; x_wconf 86' lang='lat'>24.</span> <span class='ocrx_word' id='word_1_471' title='bbox 1018 3155 1076 3188; x_wconf 87' lang='lat'>40.</span> <span class='ocrx_word' id='word_1_472' title='bbox 1103 3157 1161 3189; x_wconf 87' lang='lat'>46.</span> <span class='ocrx_word' id='word_1_473' title='bbox 1192 3157 1277 3196; x_wconf 78' lang='lat'>1623</span> <span class='ocrx_word' id='word_1_474' title='bbox 1315 3167 1345 3188; x_wconf 92' lang='lat' dir='ltr'>v.</span> <span class='ocrx_word' id='word_1_475' title='bbox 1366 3158 1411 3188; x_wconf 90' lang='lat'>80</span> <span class='ocrx_word' id='word_1_476' title='bbox 1442 3157 1538 3188; x_wconf 84' lang='lat' dir='ltr'>adest</span> <span class='ocrx_word' id='word_1_477' title='bbox 1569 3157 1747 3189; x_wconf 82' lang='lat' dir='ltr'>exordium</span> <span class='ocrx_word' id='word_1_478' title='bbox 1782 3154 1924 3196; x_wconf 64' lang='lat' dir='ltr'>Menum)</span> <span class='ocrx_word' id='word_1_479' title='bbox 1946 3154 2118 3198; x_wconf 66' lang='lat' dir='ltr'>flac-tum),</span> 
     </span>
     <span class='ocr_line' id='line_1_45' title="bbox 358 3216 2117 3260; baseline -0.001 -11"><span class='ocrx_word' id='word_1_480' title='bbox 358 3218 399 3249; x_wconf 89' lang='lat' dir='ltr'>de</span> <span class='ocrx_word' id='word_1_481' title='bbox 433 3228 500 3260; x_wconf 90' lang='lat' dir='ltr'>quo</span> <span class='ocrx_word' id='word_1_482' title='bbox 527 3218 617 3250; x_wconf 87' lang='lat' dir='ltr'>iufra</span> <span class='ocrx_word' id='word_1_483' title='bbox 644 3229 674 3260; x_wconf 90' lang='lat' dir='ltr'>p.</span> <span class='ocrx_word' id='word_1_484' title='bbox 696 3218 764 3251; x_wconf 79' lang='lat'>255</span> <span class='ocrx_word' id='word_1_485' title='bbox 793 3222 863 3250; x_wconf 89' lang='lat' dir='ltr'>not.</span> <span class='ocrx_word' id='word_1_486' title='bbox 885 3218 901 3248; x_wconf 90' lang='lat'>1</span> <span class='ocrx_word' id='word_1_487' title='bbox 932 3217 1057 3249; x_wconf 87' lang='lat' dir='ltr'>dictum</span> <span class='ocrx_word' id='word_1_488' title='bbox 1086 3223 1146 3249; x_wconf 87' lang='lat' dir='ltr'>est.</span> <span class='ocrx_word' id='word_1_489' title='bbox 1174 3236 1216 3241; x_wconf 90' lang='lat'><em>-</em></span> <span class='ocrx_word' id='word_1_490' title='bbox 1244 3218 1285 3249; x_wconf 86' lang='lat' dir='ltr'>In</span> <span class='ocrx_word' id='word_1_491' title='bbox 1312 3218 1395 3250; x_wconf 83' lang='lat' dir='ltr'>actis</span> <span class='ocrx_word' id='word_1_492' title='bbox 1421 3218 1614 3252; x_wconf 83' lang='lat' dir='ltr'>severianis</span> <span class='ocrx_word' id='word_1_493' title='bbox 1641 3217 1758 3249; x_wconf 83' lang='lat' dir='ltr'>edictis</span> <span class='ocrx_word' id='word_1_494' title='bbox 1793 3217 1883 3259; x_wconf 91' lang='lat' dir='ltr'>quod</span> <span class='ocrx_word' id='word_1_495' title='bbox 1916 3216 2117 3259; x_wconf 82' lang='lat' dir='ltr'>praescribi·</span> 
     </span>
     <span class='ocr_line' id='line_1_46' title="bbox 357 3275 2116 3322; baseline 0 -12"><span class='ocrx_word' id='word_1_496' title='bbox 357 3284 426 3311; x_wconf 86' lang='lat' dir='ltr'>tur:</span> <span class='ocrx_word' id='word_1_497' title='bbox 453 3280 528 3322; x_wconf 80' lang='lat' dir='ltr'>imp.</span> <span class='ocrx_word' id='word_1_498' title='bbox 553 3278 678 3311; x_wconf 81' lang='lat' dir='ltr'>Caesar</span> <span class='ocrx_word' id='word_1_499' title='bbox 703 3303 711 3311; x_wconf 89' lang='lat'>.</span> <span class='ocrx_word' id='word_1_500' title='bbox 729 3303 736 3311; x_wconf 92' lang='lat'>.</span> <span class='ocrx_word' id='word_1_501' title='bbox 754 3302 762 3311; x_wconf 91' lang='lat'>.</span> <span class='ocrx_word' id='word_1_502' title='bbox 797 3277 938 3311; x_wconf 77' lang='lat' dir='ltr'>Severus</span> <span class='ocrx_word' id='word_1_503' title='bbox 970 3303 978 3311; x_wconf 93' lang='lat'>.</span> <span class='ocrx_word' id='word_1_504' title='bbox 995 3303 1003 3311; x_wconf 91' lang='lat'>.</span> <span class='ocrx_word' id='word_1_505' title='bbox 1038 3283 1069 3310; x_wconf 77' lang='lat' dir='ltr'>et</span> <span class='ocrx_word' id='word_1_506' title='bbox 1092 3280 1168 3322; x_wconf 80' lang='lat' dir='ltr'>imp.</span> <span class='ocrx_word' id='word_1_507' title='bbox 1193 3277 1318 3311; x_wconf 78' lang='lat' dir='ltr'>Caesar</span> <span class='ocrx_word' id='word_1_508' title='bbox 1344 3302 1352 3310; x_wconf 94' lang='lat'>.</span> <span class='ocrx_word' id='word_1_509' title='bbox 1371 3302 1379 3311; x_wconf 91' lang='lat'>.</span> <span class='ocrx_word' id='word_1_510' title='bbox 1407 3278 1594 3311; x_wconf 69' lang='lat' dir='ltr'>Antoninus</span> <span class='ocrx_word' id='word_1_511' title='bbox 1620 3277 1666 3318; x_wconf 83' lang='lat' dir='ltr'>[et</span> <span class='ocrx_word' id='word_1_512' title='bbox 1693 3276 1776 3310; x_wconf 80' lang='lat' dir='ltr'>Geta</span> <span class='ocrx_word' id='word_1_513' title='bbox 1806 3275 1944 3319; x_wconf 74' lang='lat' dir='ltr'>Caesar]</span> <span class='ocrx_word' id='word_1_514' title='bbox 1971 3288 2040 3310; x_wconf 82' lang='lat' dir='ltr'>cum</span> <span class='ocrx_word' id='word_1_515' title='bbox 2066 3287 2116 3310; x_wconf 82' lang='lat' dir='ltr'>ce-</span> 
     </span>
     <span class='ocr_line' id='line_1_47' title="bbox 358 3338 2116 3389; baseline 0.001 -19"><span class='ocrx_word' id='word_1_516' title='bbox 358 3340 437 3371; x_wconf 73' lang='lat' dir='ltr'>teris</span> <span class='ocrx_word' id='word_1_517' title='bbox 462 3338 618 3373; x_wconf 77' lang='lat' dir='ltr'>XVviris</span> <span class='ocrx_word' id='word_1_518' title='bbox 642 3351 669 3373; x_wconf 82' lang='lat'>3.</span> <span class='ocrx_word' id='word_1_519' title='bbox 692 3340 727 3382; x_wconf 88' lang='lat' dir='ltr'>f.</span> <span class='ocrx_word' id='word_1_520' title='bbox 754 3339 868 3373; x_wconf 82' lang='lat' dir='ltr'>dicunt</span> <span class='ocrx_word' id='word_1_521' title='bbox 899 3351 974 3373; x_wconf 91' lang='lat' dir='ltr'>cum</span> <span class='ocrx_word' id='word_1_522' title='bbox 1009 3340 1165 3372; x_wconf 90' lang='lat' dir='ltr'>formulis</span> <span class='ocrx_word' id='word_1_523' title='bbox 1188 3344 1386 3389; x_wconf 20' lang='lat' dir='ltr'>‘temporum</span> <span class='ocrx_word' id='word_1_524' title='bbox 1422 3350 1555 3383; x_wconf 88' lang='lat' dir='ltr'>quoque</span> <span class='ocrx_word' id='word_1_525' title='bbox 1587 3340 1808 3372; x_wconf 84' lang='lat' dir='ltr'>mutationem</span> <span class='ocrx_word' id='word_1_526' title='bbox 1839 3339 2028 3372; x_wconf 88' lang='lat' dir='ltr'>luculenter</span> <span class='ocrx_word' id='word_1_527' title='bbox 2059 3339 2116 3372; x_wconf 88' lang='lat' dir='ltr'>de-</span> 
     </span>
    </p>
   </div>
   <div class='ocr_carea' id='block_1_16' title="bbox 357 3402 1458 3503">
    <p class='ocr_par' dir='ltr' id='par_1_19' title="bbox 357 3402 1458 3503">
     <span class='ocr_line' id='line_1_48' title="bbox 357 3402 475 3434; baseline 0.008 -2"><span class='ocrx_word' id='word_1_528' title='bbox 357 3402 475 3434; x_wconf 84' lang='lat' dir='ltr'>clarat.</span> 
     </span>
     <span class='ocr_line' id='line_1_49' title="bbox 458 3460 1458 3503; baseline 0 -8"><span class='ocrx_word' id='word_1_529' title='bbox 458 3462 488 3503; x_wconf 73' lang='grc'>5)</span> <span class='ocrx_word' id='word_1_530' title='bbox 528 3464 694 3495; x_wconf 87' lang='lat' dir='ltr'>Actorum</span> <span class='ocrx_word' id='word_1_531' title='bbox 721 3474 751 3496; x_wconf 90' lang='lat' dir='ltr'>v.</span> <span class='ocrx_word' id='word_1_532' title='bbox 772 3464 829 3496; x_wconf 88' lang='lat'>39.</span> <span class='ocrx_word' id='word_1_533' title='bbox 875 3462 928 3495; x_wconf 79' lang='lat' dir='ltr'>Cf.</span> <span class='ocrx_word' id='word_1_534' title='bbox 952 3460 1160 3495; x_wconf 70' lang='lat' dir='ltr'>Staatsrecht</span> <span class='ocrx_word' id='word_1_535' title='bbox 1187 3464 1219 3503; x_wconf 89' lang='grc'>2,</span> <span class='ocrx_word' id='word_1_536' title='bbox 1242 3463 1308 3495; x_wconf 85' lang='grc'>135</span> <span class='ocrx_word' id='word_1_537' title='bbox 1336 3467 1406 3495; x_wconf 89' lang='lat' dir='ltr'>not.</span> <span class='ocrx_word' id='word_1_538' title='bbox 1426 3463 1458 3495; x_wconf 86' lang='lat'>5.</span> 
     </span>
    </p>
   </div>
  </div>
 </body>
</html>
