2216 3796
1038 1022 1123 1094 ΙΙ.
1197 1021 1566 1095 ΒΑΕΤΙΟΑ.

428 1289 676 1384 Regiones
705 1334 858 1384 aliquot
887 1334 1068 1373 Baeticae
1099 1334 1355 1374 occidentalis
1376 1339 1415 1374 et
1433 1334 1704 1374 meridionalis
1723 1347 1851 1385 nuper
1869 1333 2174 1386 inscriptionum
2183 1341 2197 1393 ξ,

432 1417 551 1443 causa
590 1403 766 1442 visitavit
805 1404 913 1456 Fita,
953 1417 1043 1443 cum
1078 1405 1296 1444 Emeritam
1330 1405 1406 1444 iter
1435 1404 1595 1444 fecisset
1625 1406 1675 1443 ad
1703 1417 1886 1444 museum
1914 1403 1974 1444 ibi
2001 1402 2197 1462 inaugu-'q

432 1475 602 1512 randum
633 1470 681 1526 (v.
715 1486 834 1523 supra
862 1487 900 1524 p.
935 1470 1042 1527 360).
1104 1475 1222 1513 Unde
1252 1488 1350 1524 quas
1373 1475 1422 1513 'in
1451 1474 1769 1524 peregrinatione
1798 1474 1868 1512 ina
1894 1473 2197 1525 inscriptiones

427 1542 510 1580 sive
546 1542 645 1581 vidit
683 1544 811 1581 adhuc
847 1542 1078 1592 superstites
1115 1543 1198 1582 sive
1229 1545 1375 1583 frustra
1405 1543 1676 1595 investigavit,
1717 1556 1815 1593 quas
1849 1541 2096 1582 enumeravit
2131 1545 2198 1581 et'

428 1613 558 1649 denuo
600 1611 767 1662 protulit
796 1611 838 1649 in
868 1612 1060 1651 relatione
1090 1612 1246 1651 itineris
1275 1612 1386 1651 illius
1415 1626 1540 1663 paene
1572 1625 1721 1664 omnes,
1754 1611 1930 1651 indicavi
1955 1610 2063 1651 infra
2090 1625 2172 1650 una

426 1694 516 1718 cum
545 1694 673 1730 nuper
701 1680 879 1733 repertis,
912 1695 1012 1731 quae
1041 1686 1292 1721 accesserunt
1309 1695 1381 1733 per
1400 1682 1532 1733 ipsum
1553 1682 1718 1732 eiusque
1739 1681 1888 1721 amicos
1908 1685 1978 1720 aut
1996 1681 2169 1733 aliunde,

424 1749 562 1800 paucis
591 1749 672 1788 illis
701 1763 776 1788 nec
804 1750 942 1802 magni
970 1750 1172 1789 momenti.
1246 1750 1437 1790 Gaditani
1467 1752 1661 1790 debentur
1689 1752 1731 1789 P.
1758 1750 1969 1790 Francisoo
1988 1751 2048 1789 -de
2076 1750 2200 1805 Asis),

426 1821 540 1871 Vera,
562 1819 794 1858 Malacitani
814 1825 852 1858 et
873 1821 1150 1859 Cordubenses
1170 1821 1399 1870 Berlangae.
1444 1822 1616 1859 Schedae
1635 1819 1801 1859 Martini
1813 1821 1997 1870 Vazquez
2016 1819 2171 1858 Siruela

426 1885 490 1941 (cf.
521 1889 598 1928 vol.
629 1890 668 1927 II
698 1903 735 1939 p.
767 1890 866 1928 XIX
899 1886 966 1942 53)
997 1894 1172 1928 servatae
1201 1890 1363 1941 Hispali
1391 1889 1434 1928 in
1463 1889 1706 1928 bibliotheca
1735 1889 1974 1928 Columbina
2002 1886 2056 1942 (n.
2091 1890 2164 1927 131

424 1980 482 1985 -
501 1959 576 1997 190
593 1980 651 1986 ——
670 1955 776 2012 105),
809 1960 857 1997 de
889 1958 1034 2008 quibus
1063 1959 1216 1998 rettulit
1245 1961 1445 1998 Arthurus
1475 1960 1604 2009 Engel
1624 1956 1816 2012 (Rapport
1833 1973 1897 1998 sur
1915 1972 1986 1998 une
2006 1958 2170 1998 Milesion

424 2027 700 2079 arehe‘oloqique
721 2042 765 2066 en
786 2028 958 2079 Espaqne
979 2029 1101 2080 1891,
1124 2029 1322 2068 Nouvelles
1342 2029 1524 2068 Archives
1543 2030 1605 2067 des
1626 2029 1815 2080 Missions,
1841 2034 1932 2067 tome
1951 2027 2030 2067 III
2045 2029 2167 2079 1892,

422 2097 584 2136 Parisiis
609 2099 728 2149 1893,
759 2112 797 2148 p.
823 2095 903 2151 37),
936 2111 1025 2136 cum
1056 2112 1079 2136 a
1107 2112 1170 2136 me
1201 2099 1379 2137 adhiberi
1409 2112 1490 2137 non
1518 2098 1733 2151 potuerint,
1766 2111 1880 2149 spero
1910 2099 1996 2136 fore
2023 2101 2071 2136 ut
2097 2097 2170 2135 ali-

423 2168 580 2215 quando
611 2167 896 2205 examinentur.
960 2169 1039 2206 Sed
1069 2181 1150 2206 non
1179 2172 1277 2219 puto
1307 2169 1434 2207 multa
1463 2167 1557 2206 inde
1589 2181 1691 2207 nova
1720 2166 1928 2218 proditura·
1954 2179 2052 2206 esse.

892 2371 1250 2428 GONVENTVS
1286 2370 1706 2428 HISPALENSIS.

1013 2538 1063 2575 11.
1123 2538 1372 2575 ILLIPVLA
1401 2551 1438 2587 p.
1475 2538 1570 2575 834.

420 2647 480 2691 80
516 2650 671 2702 Νίεόἷα,
711 2651 753 2688 in
791 2651 955 2690 ecclesia
995 2653 1033 2690 S.
1065 2652 1232 2690 Martini
1261 2652 1410 2690 inserta
1439 2652 1580 2703 parieti
1609 2651 1742 2704 navis,
1775 2638 1919 2690 tabella
1948 2653 2186 2690 marmorea'

476 2721 596 2769 longa
625 2733 675 2758 m.
712 2721 827 2772 0.21,
859 2721 937 2759 alta
969 2723 1062 2759 0.07
1071 2722 1114 2773 5,
1145 2720 1289 2759 litteris
1320 2722 1468 2759 saeculi
1497 2723 1518 2760 I
1548 2721 1643 2760 satis
1671 2720 1804 2772 bonis,
1837 2719 2042 2772 actuariis,
2075 2719 2166 2758 altis
2196 2751 2200 2755 .

480 2802 532 2827 m.
567 2791 674 2828 0.01.
2200 2777 2203 2788 ²

777 2870 993 2897 TERRENVM
1033 2870 1188 2898 coRva
1223 2870 1426 2898 CAELESTIS
1465 2870 1639 2898 SP1R1Tvs
1677 2871 1719 2897 ιΝ
1751 2871 1804 2897 ME
1855 2890 1863 2901 ,

779 2939 865 2974 Qlo
885 2940 1106 2966 REPETENTE
1121 2939 1231 2966 SVAM
1248 2940 1374 2967 SEDEM
1387 2939 1503 2966 NVNC
1517 2939 1688 2967 vxvnvxvs
1703 2923 1802 2967 u.1.'1c

783 3008 828 3034 ET
848 3009 1021 3036 Ferrvk
1042 3009 1197 3037 svpmus
1219 3009 1401 3035 AETERNA
1428 3009 1468 3035 {N
1496 3009 1595 3036 chs
1622 3008 1802 3036 FABATVS

417 3110 620 3161 Descripsi
657 3125 705 3149 ex
741 3115 880 3162 ectypo
916 3112 1038 3150 misso
1077 3113 1125 3150 ab
1155 3113 1199 3150 E.
1234 3114 1271 3150 S.
1305 3113 1497 3161 Dodgson
1527 3111 1715 3150 Britanno
1751 3124 1801 3149 m.
1832 3111 1934 3150 Nov.
1966 3124 2000 3148 a.
2039 3110 2196 3167 189444

419 3181 518 3218 Caro
550 3180 808 3230 antiquedades
845 3182 888 3219 de
917 3181 1057 3220 Sevilla
1087 3178 1228 3234 (1634)
1259 3182 1286 3219 f.
1316 3183 1395 3219 216
1426 3195 1462 3219 v.
1494 3180 1644 3219 ibidem
1673 3170 1844 3229 videram
1875 3180 1946 3218 sed
1974 3191 2063 3217 cum
2093 3170 2200 3235 adl-'J

418 3254 573 3288 notaret
602 3250 774 3301 reperire
805 3264 847 3289 se
878 3252 1048 3290 eundem
1078 3250 1239 3289 titulum
1269 3251 1310 3288 in
1341 3250 1497 3288 Pithoei
1527 3250 1647 3300 epigr.
1677 3250 1808 3290 select.
1843 3246 2019 3302 (Parisiis
2053 3250 2159 3286 1570
2182 3280 2185 3286 .

418 3323 456 3356 et
482 3316 603 3372 1580)
624 3333 662 3370 p.
690 3321 782 3371 125,
805 3321 1007 3359 hominem
1033 3321 1229 3359 sublestae
1257 3319 1351 3359 fidei
1377 3324 1446 3358 aut
1465 3319 1779 3358 finxisse'locum
1800 3323 1868 3357 aut
1888 3318 2068 3368 exemplo
2087 3330 2162 3355 no-
2186 3314 2194 3358 Ῑ

416 3387 519 3426 vicio
541 3390 749 3438 deceptum
766 3402 851 3427 esse
869 3389 1028 3427 credidi.
1069 3391 1265 3428 Neutrum
1286 3404 1421 3428 verum
1442 3402 1527 3428 esse
1548 3402 1654 3427 nune
1674 3390 1832 3427 demum
1852 3387 2046 3438 apparuit.
2086 3387 2162 3424 Ca-

417 3470 541 3506 penae
563 3457 667 3495 enim
688 3458 731 3495 in
747 3457 862 3496 Italia
877 3462 984 3496 extat
998 3458 1100 3508 lapis
1115 3457 1331 3507 inscriptus
1340 3451 1455 3496 ‘Iulia
1468 3459 1656 3496 Marcella
1672 3457 1813 3496 Clodio
1829 3457 1977 3495 Fabato
1993 3447 2159 3505 marito³3
2182 3455 2184 3464 ²
