2216 3796
416 340 511 385 306
1230 352 1359 386 ACTA

2202 500 2216 524 «s
2204 442 2209 449 r

469 465 618 504 Consul
655 480 688 503 a.
715 465 789 502 723
822 465 903 503 sine
939 465 1059 503 dubio
1087 462 1123 504 is
1153 467 1236 515 ipse
1267 473 1344 511 est,
1381 467 1447 516 qui
1478 467 1516 503 in
1549 467 1648 504 actis
1678 479 1712 504 a.
1736 480 1773 516 p.
1796 466 1888 505 Chr.
1916 468 1963 505 14
2002 467 2210 518 primum

470 534 595 570 locum
634 539 741 570 tenet
776 538 866 570 ante
903 532 950 570 L.
990 533 1205 571 Domitium
1247 535 1552 572 Ahenobarbum
1591 546 1673 571 cos.
1712 547 1746 571 a.
1769 535 1868 582 738,
1909 535 2168 585 nequediffi·
2203 521 2216 539 ¹

469 601 649 638 cultatem
680 601 775 637 facit
806 601 909 649 quod
942 601 1077 639 statuit
1098 601 1203 639 Hula
1232 601 1395 639 eundem
1429 602 1655 651 magistrum
1688 601 1841 651 collegii
1862 601 1987 640 fuisse
2016 614 2052 640 a.
2075 589 2166 640 ³734.

469 667 543 705 Sed
577 668 607 704 si
639 673 727 705 aeta
757 674 849 709 sunt
877 670 968 706 anni
1002 668 1073 713 28,
1104 682 1150 705 eo
1182 669 1448 718 magisterium
1481 669 1656 707 dicemus
1693 670 1916 719 suscepisse
1940 667 2019 708 Cn}
2051 669 2168 708 Pom·
2205 656 2216 705 „ss

468 736 593 784 peium
625 747 812 786 augurem
841 736 1031 774 adlectum
1064 749 1097 773 a.
1127 738 1173 773 14
1205 743 1243 774 et
1274 737 1515 774 nominatum
1546 737 1662 774 etiam
1694 737 1730 774 in
1763 737 1862 775 actis
1887 737 1927 774 a.
1949 736 2015 776 20.
2062 735 2166 775 Nam
2207 779 2209 783 Α

469 809 577 851 pater
615 816 703 840 cum
741 805 963 853 ignoretur,
1001 810 1131 855 potest
1164 805 1287 842 fuisse
1323 812 1362 841 et
1395 804 1480 854 ipse
1518 804 1656 853 Quinti
1686 804 1813 851 filius,
1848 803 2009 855 auguris
2035 810 2166 843 autem

468 871 831 910 determinationem
862 885 949 910 eum
980 872 1212 922 deposuisse
1242 872 1427 909 defuneto
1449 873 1532 909 viro
1563 872 1794 922 cognomine
1824 871 2016 910 rationem
2038 871 2166 910 habet.

471 939 610 987 Itaque
640 951 725 976 cum
749 946 912 988 utraque
944 941 1139 977 sententia
1159 938 1231 978 Cn.
1256 939 1417 989 Pompei
1450 938 1498 987 Q.
1520 940 1547 977 f.
1580 939 1725 977 mentio
1746 936 1851 978 recte
1881 939 2167 978 conciliabitur.

514 1074 744 1123 [MJessalla
777 1075 961 1113 Corvinus
994 1075 1047 1123 (v.
1077 1075 1157 1123 11).
1903 1111 1906 1114 ,
2026 1115 2030 1118 ,

468 1141 675 1180 Oratorem
707 1144 907 1180 consulem
940 1157 972 1180 a.
994 1141 1069 1179 723
1095 1159 1141 1174 --
1167 1142 1211 1179 31
1240 1156 1273 1179 a.
1297 1141 1389 1180 Chr.
1419 1156 1505 1180 cum
1536 1143 1728 1193 intellegit
1756 1142 1884 1190 Hula,
1921 1149 2044 1198 errat,
2079 1156 2167 1181 nam

468 1210 523 1246 ita
551 1210 604 1247 M.
630 1208 804 1248 Cornuto
836 1218 939 1248 certe
972 1211 1169 1259 praetorio
1201 1211 1348 1248 homini
1379 1211 1598 1249 consularis
1629 1211 1876 1249 clarissimus
1906 1203 2167 1264 postponitur.

468 1277 708 1315 Prudentius
739 1278 854 1328 longe
884 1277 1111 1316 Henzenius
1141 1291 1215 1315 non
1245 1285 1360 1325 resta,
1391 1279 1458 1325 ait,
1489 1280 1586 1316 altro
1617 1280 1681 1316 che
1711 1292 1731 1316 o
1761 1291 1926 1330 pensare
1953 1275 1996 1317 dl
2023 1279 2171 1317 console
2212 1301 2213 1310 κ

468 1344 559 1381 dell’
587 1357 686 1382 anno
720 1345 790 1392 20,
825 1352 1066 1395 quantunque
1101 1358 1174 1383 non
1204 1349 1309 1395 porti
1342 1346 1398 1384 ne'
1426 1347 1527 1394 fasti
1554 1347 1583 1383 il
1611 1359 1784 1395 eoqnome
1812 1348 1853 1385 di
1886 1345 2066 1393 Corvino,
2104 1359 2168 1396 op·
2212 1333 2216 1343 ’

465 1424 562 1459 pure
596 1415 840 1462 immayiuare
874 1426 925 1451 un
961 1426 1026 1451 suo
1057 1414 1218 1461 fratello
1253 1414 1317 1451 che
1352 1403 1464 1451 abbia
1502 1420 1719 1452 conservato
1761 1415 1849 1464 quel
1881 1426 1986 1452 nome
2019 1414 2171 1460 celebre,

468 1479 674 1529 firmatque
718 1487 823 1518 certe
874 1481 1121 1530 aliquatenus
1174 1482 1406 1518 sententiam
1449 1481 1787 1528 ·Hen-zenianam‚
1838 1481 1943 1531 quod
1987 1483 2027 1520 in
2070 1482 2169 1520 actis

468 1559 502 1584 a.
527 1548 573 1584 21
614 1548 652 1584 in
690 1549 857 1598 collegio
897 1548 970 1586 fuit
1108 1549 1256 1587 Messal
1377 1549 1549 1598 quidam,
1586 1562 1699 1598 quem
1735 1549 1916 1600 quisquis
1950 1548 2027 1588 fuit
2061 1549 2170 1599 (nam

469 1628 516 1651 ne
553 1615 628 1652 hoc
664 1616 823 1665 quidem
863 1623 969 1654 certo
1006 1622 1170 1666 apparet
1198 1623 1327 1654 utrum
1364 1617 1465 1654 inter
1494 1617 1719 1654 consulares
1749 1616 1963 1656 collocetur
1992 1618 2041 1655 an
2070 1616 2171 1655 inter

469 1683 709 1732 praetorios)
749 1684 951 1733 probabile
990 1690 1051 1721 est
1079 1696 1166 1721 esse
1197 1684 1300 1721 hunc
1328 1685 1456 1734 ipsum
1486 1684 1716 1722 Messallam
1754 1682 1983 1736 Corvinum,
2039 1684 2170 1723 Minus

469 1758 582 1788 caute
620 1751 873 1800 reprehendit
908 1751 1138 1789 Henzenum
1177 1752 1287 1789 Hula
1322 1758 1483 1802 propter
1519 1752 1780 1790 coniecturam
1825 1753 2033 1802 priorem„
2067 1752 2170 1791 Mes-

469 1817 568 1854 salla
607 1818 671 1855 hic
708 1819 825 1856 homo
860 1832 1010 1868 pauper
1047 1819 1232 1868 (Tacitus
1268 1832 1357 1856 ann.
1388 1819 1424 1866 3,
1452 1818 1495 1868 2)
1537 1831 1663 1868 neque
1700 1820 1779 1858 ullo
1813 1820 1971 1859 nomine
2005 1819 2172 1870 insignis

469 1897 544 1922 non
575 1886 799 1924 nominatur
828 1887 903 1924 nisi
933 1892 1093 1936 propter
1123 1888 1371 1936 consulatum
1401 1893 1440 1924 et
1468 1887 1524 1925 ita
1552 1887 1727 1936 quidem,
1762 1894 1804 1926 ut
1833 1888 1966 1927 missis
1994 1885 2171 1927 testimo—

469 1953 543 1990 niis
575 1965 676 2002 quae
707 1966 847 1992 nomen
879 1961 1031 2004 ponunt
1051 1960 1120 1992 aut
1149 1955 1365 1993 breviatum
1387 1962 1455 1993 aut
1484 1955 1680 2001 mutilum,
1710 1956 1827 2004 plena
1846 1967 1948 2005 quae
1963 1955 2172 1995 videantur

468 2022 625 2059 nomina
647 2021 817 2059 habeant
837 2022 1016 2059 laterculi
1038 2028 1224 2072 quattuor
1246 2022 1465 2069 Arvalium,
1487 2022 1544 2071 (p.
1563 2020 1772 2061 CCXLIV
1789 2022 1990 2074 Henzenp
2022 2023 2077 2061 M.
2095 2023 2169 2062 Va-

469 2090 582 2126 lerius
614 2089 880 2134 Messallinu83
921 2090 1078 2140 collegii
1116 2091 1404 2140 sexprimorum
1442 2090 1587 2139 (Mitth.
1620 2091 1683 2128 des
1720 2091 1811 2128 rb‘m.
1842 2092 2016 2129 Instituta
2047 2091 2124 2130 vol.
2147 2091 2170 2129 6

470 2169 504 2204 p.
528 2156 642 2206 159):
688 2157 741 2193 M.
786 2157 935 2195 Valerio
975 2158 1151 2196 Messal.
1176 2187 1216 2195 ..
1258 2158 1441 2206 (alterum
1479 2170 1697 2208 cognomen
1738 2158 1867 2208 spatio
1905 2158 2170 2208 excluditur);

468 2222 653 2261 Ostiense
683 2223 748 2272 (C.
770 2224 884 2271 XIV,
907 2225 1024 2274 244):
1062 2226 1118 2263 M.
1150 2226 1324 2263 Valerius
1345 2225 1553 2272 Messalla3
1583 2225 1728 2263 Dionis
1757 2226 1807 2263 ad
1835 2225 1861 2264 l.
1883 2226 1954 2264 57:
1992 2228 2040 2263 M.
2069 2222 2171 2262 Οὐα-

467 2283 582 2344 λέριος
612 2295 662 2329 Μ.
693 2292 739 2329 υἱ.
770 2293 997 2332 Meo-same.
1055 2293 1169 2330 Haec
1200 2306 1276 2330 non
1307 2293 1526 2337 sufficiunt,
1558 2298 1599 2330 ut
1629 2299 1809 2342 nepotem
1841 2305 2028 2344 negemus
2058 2306 2169 2332 usum

469 2371 556 2396 esse
587 2360 649 2396 avi
680 2360 911 2409 cognomine
941 2360 1075 2398 altem.
1127 2359 1205 2398 Sed
1235 2362 1366 2398 obstat
1392 2361 1608 2398 sententiae
1638 2361 1727 2398 huic
1747 2360 2038 2407 Henzenianae,
2066 2361 2170 2412 quod

469 2427 584 2464 etiam
609 2428 821 2465 secundum
848 2440 934 2466 eam
959 2428 1107 2466 homini
1131 2429 1327 2478 praetorio
1344 2428 1535 2466 Messalla
1562 2429 1814 2478 postponitur
1834 2429 1987 2467 iuvenis
2014 2441 2110 2467 sane
2133 2436 2171 2467 et

469 2495 675 2543 ignobilis,
717 2497 787 2533 sed
823 2502 953 2533 tamen
990 2496 1222 2535 consularis.
1292 2494 1419 2544 Quam
1460 2497 1509 2534 ob
1546 2509 1628 2534 rem
1667 2497 1793 2546 magis
1832 2496 1961 2546 placet
1993 2497 2170 2535 Henzeni

470 2563 665 2600 sententia
694 2563 820 2601 altera
846 2563 1039 2601 nominari
1060 2563 1135 2601 hoc
1154 2564 1244 2601 loco
1264 2576 1391 2612 neque
1410 2563 1612 2601 consulem
1644 2576 1678 2601 a.
1701 2563 1780 2601 723
1811 2575 1936 2613 neque
1955 2565 2022 2614 qui
2041 2564 2169 2603 fasces

469 2632 596 2679 gessit
626 2644 660 2669 a.
684 2631 749 2676 20,
781 2632 849 2668 sed
871 2632 1028 2669 tertium
1059 2631 1253 2680 quendam
1283 2632 1418 2681 stirpis
1449 2631 1624 2669 eiusdem
1656 2637 1860 2680 praeterea
1887 2633 2077 2683 ignotum.
2125 2633 2171 2670 Id

471 2703 510 2733 ut
546 2704 674 2735 aetate
706 2700 887 2749 Augusta
917 2699 985 2735 vix
1024 2699 1177 2736 admitti
1215 2700 1358 2749 poterit
1391 2699 1430 2736 in
1463 2710 1614 2736 summo
1644 2704 1724 2735 tum
1755 2699 1891 2748 stirpis
1922 2700 2006 2738 eius
2039 2699 2170 2750 splen-

467 2765 582 2812 dore,
621 2779 707 2803 cum
746 2767 986 2814 posteriores
1025 2767 1195 2804 oratoris
1232 2779 1319 2804 cum
1356 2772 1586 2817 paupertate
1617 2766 1830 2804 viderimus
1868 2767 2038 2805 luctatos
2067 2779 2170 2814 esse,

471 2834 543 2870 sub
574 2833 738 2871 Tiberio
769 2834 1039 2872 difficultatem
1069 2847 1147 2872 non
1178 2834 1283 2871 facit.

579 2901 640 2938 Eo
671 2901 788 2950 igitur
817 2901 973 2939 deducti
1004 2914 1155 2949 sumus,
1186 2908 1228 2939 ut
1257 2914 1344 2939 cum
1375 2902 1499 2939 multa
1528 2902 1710 2952 ambigua
1739 2902 1816 2940 sint
1844 2901 2060 2951 eodemque
2089 2902 2170 2939 iure

468 2968 514 3004 ad
547 2974 752 3018 utrumque
782 2981 926 3006 annum
959 2969 1092 3006 referri
1124 2969 1290 3018 possint,
1323 2969 1370 3005 de
1400 2968 1473 3007 Cn.
1504 2969 1680 3007 Domitio
1711 2974 1749 3006 et
1777 2969 1825 3006 de
1857 2969 2043 3007 Messalla
2073 2968 2172 3008 Cor-

469 3035 558 3071 vino
593 3048 694 3084 quae
739 3036 928 3085 legimus,
973 3036 1254 3075 Henzenianae
1291 3038 1510 3074 sententiae
1549 3037 1725 3083 faveant,
1770 3036 1957 3074 universa
1995 3042 2168 3075 actorum

468 3103 662 3140 ordinatio
702 3104 825 3152 magis
862 3105 1068 3142 conveniat
1106 3105 1308 3150 Hulanae;
1348 3111 1484 3141 neutra
1524 3105 1579 3142 ita
1616 3109 1843 3152 comparata
1882 3110 1962 3151 est,
2003 3109 2046 3141 ut
2083 3105 2169 3142 sine

468 3170 657 3207 violentia
695 3171 828 3219 aliqua
866 3185 945 3208 rem
987 3172 1183 3222 expediat.
1248 3171 1529 3209 Litteraturam
1567 3171 1797 3210 Huslsenus
1834 3171 2046 3220 quaerenti>
2075 3171 2190 3208 mihi·

469 3238 673 3287 respondit
703 3238 861 3275 omnino
892 3245 996 3275 stare
1025 3252 1097 3288 pro
1134 3241 1326 3276 sententia
1354 3239 1531 3285 Hulana3
1571 3240 1832 3289 fragmentum
1862 3239 1910 3275 de
1939 3250 2017 3287 quo
2046 3238 2169 3276 ambi-

432 3346 442 3350 „
469 3306 573 3354 gitur
605 3306 718 3353 plane
748 3305 903 3343 differre
935 3307 983 3342 ab
1013 3307 1110 3344 actis
1140 3320 1173 3343 a.
1196 3320 1232 3356 p.
1257 3305 1349 3343 Chr.
1374 3306 1436 3343 27.
1460 3307 1510 3344 28
1541 3313 1580 3343 et
1610 3306 1749 3343 litteris
1779 3306 1965 3354 scriptum
1996 3318 2084 3343 esse
2104 3318 2168 3342 ve-

469 3373 703 3410 tustioribus
734 3374 1004 3422 similibusque
1035 3375 1082 3411 iis
1114 3386 1212 3422 quae
1242 3382 1451 3411 cernuntur
1481 3375 1518 3410 in
1548 3373 1664 3411 fastis
1690 3371 1937 3421 Capitolinis.
1991 3373 2035 3410 ld
2065 3373 2168 3421 quod

471 3447 651 3488 ectypum
687 3442 848 3477 missum
881 3442 1038 3478 omnino
1069 3442 1284 3477 confirmat.
2192 3429 2194 3431 .
