2216 3796
386 314 481 362 238
1199 326 1329 360 ACTA

379 442 482 479 illud
513 426 712 480 saeculum
742 440 888 479 liberae
917 441 974 479 rei
1003 441 1185 492 publicae
1216 454 1302 479 cum
1325 440 1512 479 celebrari
1535 441 1737 480 debuisset
1766 453 1869 480 anno
1889 439 2064 479 libertati
2089 438 2155 495 ¹⁵⁸⁶:

379 509 468 557 tali,
506 521 583 558 quo
614 508 743 559 erupit
778 508 924 547 bellum
957 509 1071 548 civile
1107 509 1209 548 inter
1239 507 1451 548 Caesarem
1490 513 1529 547 et
1555 508 1810 560 Pompeium,
1849 521 1935 548 cum
1968 495 2162 561 ipsascs

379 577 528 627 pultum
560 583 621 615 est
650 589 776 627 neque
806 590 876 627 per
896 589 965 616 eos
997 590 1122 616 annos
1152 577 1391 615 celebratum
1422 589 1549 627 neque
1578 582 1719 627 postea
1747 577 1820 615 sub
1844 575 2167 629 imperatoribus

379 644 460 682 ullo
490 650 666 694 tempore
701 645 991 683 resuscitatum.
1042 645 1205 684 Omisso
1236 645 1421 683 nimirum
1457 646 1531 683 hoc
1560 645 1718 683 saeculo
1748 644 1955 697 Augustus
1981 643 2171 684 alterum

381 718 420 750 et
449 723 639 750 annorum
662 712 791 763 spatio
821 718 859 750 et
885 713 1061 751 terminis
1084 721 1122 751 et
1142 725 1341 752 sacrorum
1372 713 1526 751 ratione
1547 713 1748 751 diversum
1768 711 1972 752 substituit
1991 716 2149 752 secutus

382 780 584 818 oraculum
614 780 725 827 illud,
757 780 804 818 de
825 793 904 830 quo
927 793 1046 832 supra
1065 781 1253 828 diximus„
1285 780 1461 831 Sibyllae
1484 781 1725 831 applicatum
1757 779 2052 832 palingenesiae
2081 792 2150 818 an·
2174 770 2180 806 ³·

381 860 520 886 norum
556 848 931 899 quadringentorum
966 849 1226 900 quadraginta
1260 849 1336 887 iam
1369 862 1392 886 a
1411 849 1591 886 Varrone
1611 848 1868 900 Vergilioque
1881 846 1921 899 1)
1957 859 2152 888 memora·
2189 863 2190 866 ¹

380 921 455 953 tae.
514 915 577 954 Ita
613 916 654 954 in
690 929 733 954 re
770 917 928 966 publica
964 918 1181 967 imperante
1216 929 1262 954 eo
1298 917 1483 955 restituta
1513 930 1556 955 ex
1585 919 1729 966 inteqro
1759 929 1916 968 quoque
1943 921 2060 959 natus
2091 921 2153 954 est
2192 935 2194 938 >

381 996 540 1033 maqnus
577 985 669 1022 ordo
705 986 950 1022 saeculorum.
1013 983 1172 1024 Scilicet
1210 997 1297 1022 cum
1339 984 1559 1022 saecularia
1594 984 1727 1023 omnia
1765 985 1815 1023 ab
1851 997 1899 1023 eo
1941 983 2192 1037 pendeant,

383 1052 489 1101 quod
525 1059 631 1090 certo
667 1052 801 1102 aliquo
838 1065 941 1091 anno
974 1050 1180 1103 Sibyllinis
1215 1052 1329 1091 libris
1366 1052 1555 1102 inspectis
1592 1052 1750 1102 publice
1779 1057 1874 1091 vota
1902 1051 2155 1093 sunaerede-

383 1119 574 1157 banturve
594 1126 686 1158 vota
714 1132 804 1159 esse
833 1120 872 1158 in
902 1126 1134 1171 perpetuum
1165 1120 1234 1166 ita,
1264 1127 1306 1158 ut
1333 1126 1425 1170 post
1454 1120 1656 1158 saeculum
1682 1121 1839 1159 demum
1867 1111 2154 1172 repeterentur,
2195 1112 2197 1114 ¹

384 1187 579 1226 eiusmodi
600 1194 693 1226 vota
720 1188 835 1239 plura
865 1194 903 1226 et
933 1188 1091 1244 dirersa
1120 1187 1336 1237 antiquitus
1365 1188 1471 1225 facta
1500 1199 1588 1226 esse
1609 1189 1677 1227 vix
1697 1188 1918 1237 veritatem,
1948 1183 2020 1228 sed
2049 1191 2156 1226 certe
2181 1176 2187 1189 ⁸

383 1255 576 1293 rationem
606 1256 724 1294 habet
751 1257 955 1306 potuitque
984 1257 1025 1294 in
1046 1255 1241 1294 eiusmodi
1270 1256 1393 1294 sacris
1423 1256 1652 1295 ordinandis
1673 1255 1818 1308 Capito
1847 1255 2069 1307 potentium
2089 1267 2157 1294 vo·
2180 1295 2183 1309 ς
2203 1262 2213 1309 Ἰ

384 1323 524 1361 luntati
560 1324 616 1361 ita
645 1325 934 1374 obtemperare,
973 1330 1016 1362 ut
1046 1325 1209 1362 decebat
1238 1324 1361 1362 virum
1398 1329 1479 1362 tam
1509 1325 1756 1375 antiquitatis
1792 1336 1960 1375 gnarum
1989 1328 2031 1362 et
2057 1322 2157 1362 iuris

387 1392 489 1429 sacri
517 1392 687 1442 peritum
708 1404 824 1442 quam
845 1392 1106 1442 obsequentia
1136 1403 1209 1430 sua
1239 1392 1455 1431 florentem.
1502 1391 1607 1440 Quid
1628 1392 1734 1443 quod
1762 1398 1919 1443 praeter
1937 1392 2032 1432 bina
2057 1391 2158 1429 haec
2187 1392 2211 1410 '¹'

388 1459 610 1498 saecularia
638 1460 754 1498 tertia
773 1473 931 1511 quoque
960 1460 1211 1497 inveniuntur
1230 1459 1428 1498 cardinem
1459 1460 1647 1499 habentia
1675 1473 1753 1499 non
1772 1472 1918 1500 annum
1938 1459 2021 1500 voti
2049 1458 2187 1506 facti3=<
2204 1449 2212 1508 ’Ὗ

389 1527 458 1565 sed
487 1528 596 1565 urbis
628 1528 821 1567 conditae.
880 1527 985 1566 Nam
1018 1527 1231 1565 secundum
1267 1528 1307 1565 id
1344 1528 1546 1566 saeculum
1578 1534 1616 1567 et
1645 1527 1838 1568 Claudius
1874 1528 1992 1568 ludos
2022 1539 2160 1567 saecu·
2204 1514 2207 1518 ⁵

387 1595 491 1632 lares
522 1595 695 1646 edidit2)
726 1602 766 1634 et
794 1601 935 1647 postea
954 1596 1165 1646 Philippus
1196 1608 1299 1633 anno
1321 1597 1428 1634 urbis
1460 1597 1672 1635 millesimo
1698 1592 1938 1636 ‘saecularia
1955 1591 2068 1635 vera’
2097 1607 2161 1634 ce·

388 1662 567 1702 lebravit.
611 1664 702 1702 Hoc
730 1665 943 1714 quaeritur,
975 1669 1105 1702 utrum
1128 1665 1336 1715 Augustus
1367 1664 1484 1702 ludos
1506 1664 1729 1703 saeculares
1761 1676 1855 1703 suos
1886 1664 1937 1703 ad
1965 1663 2158 1715 antiquio-

388 1743 450 1770 res
480 1732 536 1770 ita
564 1732 812 1783 applicuerit,
844 1738 885 1771 ut
915 1745 982 1771 eos
1013 1732 1135 1770 videri
1161 1732 1279 1770 vellet
1308 1743 1398 1770 esse
1428 1733 1601 1781 eosdem,
1632 1745 1683 1771 an
1713 1733 1862 1772 omisso
1890 1732 2031 1772 ordine
2059 1731 2161 1770 anti·-

389 1811 467 1848 quo
498 1800 662 1838 alterum
693 1801 952 1838 substituerit.
996 1800 1075 1838 Illa
1103 1800 1239 1850 opinio
1269 1813 1315 1838 eo
1347 1801 1656 1848 commendatur,
1687 1801 1802 1851 quod
1823 1800 2004 1852 aequalis
2022 1799 2163 1850 Augu-

390 1867 441 1905 sti
468 1867 606 1906 Livius
637 1868 685 1906 de
712 1868 815 1906 ludis
846 1870 930 1907 eius
961 1868 1230 1907 saecularibus
1269 1868 1326 1905 ita
1359 1869 1530 1915 rettulit,
1566 1874 1767 1918 tamquam
1799 1869 2000 1908 saeculum
2031 1873 2163 1907 cente*
2214 1878 2216 1880 ·

389 1936 543 1974 narium
580 1936 914 1986 continuarintss),
960 1942 999 1975 et
1042 1949 1129 1974 eum
1175 1940 1332 1974 secutus
1369 1934 1613 1975 Censorinus
1648 1936 1696 1974 de
1733 1936 1916 1976 ludorum
1953 1935 2066 1975 annis
2105 1935 2193 1973 ita

391 2004 577 2054 disputat,
609 2005 724 2054 quasi
752 2004 834 2042 ludi
865 2005 1036 2055 exempli
1066 2016 1187 2043 causa
1216 2005 1321 2042 tertii
1349 2005 1443 2042 facti
1469 2005 1547 2042 sint
1577 2009 1645 2042 aut
1674 2016 1710 2042 a.
1732 2004 1811 2043 505
1844 2003 2060 2043 secundum
2080 2004 2165 2054 An·
2207 2053 2209 2059 A

391 2072 523 2110 tiatem
556 2077 594 2110 e't
623 2073 800 2123 reliquos
821 2073 970 2111 liberae
999 2072 1055 2110 rei
1086 2072 1269 2122 publicae
1300 2086 1429 2110 rerum
1452 2072 1665 2123 scriptores
1686 2077 1753 2109 aut
1782 2085 1818 2110 a.
1842 2072 1920 2111 518
1949 2071 2169 2111 secundum<
2210 2075 2216 2114 ξ

392 2142 693 2180 commentarios
722 2141 938 2179 XVvirum.
990 2141 1190 2179 Zosimum
1222 2148 1380 2190 quoque
1416 2153 1537 2191 supra
1565 2140 1738 2178 vidimus
1775 2139 1959 2179 similiter
1986 2151 2163 2179 narrare.

392 2208 665 2247 Nihilominus
695 2208 799 2247 Livii
830 2210 927 2247 haec
958 2209 1134 2259 opinatio
1165 2209 1365 2247 reicienda
1395 2215 1456 2247 est
1484 2214 1523 2247 et
1553 2209 1678 2247 altera
1707 2208 1924 2259 explicatio
1954 2207 2042 2246 sola
2075 2219 2166 2258 pro-

497 2403 527 2445 l)
567 2405 739 2447 Vergilius
766 2414 842 2436 cum
869 2403 1020 2445 eclogam
1046 2407 1201 2445 quartam
1229 2403 1380 2445 scripsit,
1415 2403 1451 2434 id
1476 2403 1586 2445 ipsum
1614 2412 1769 2442 carmen,
1803 2402 1896 2445 quod
1921 2411 1984 2434 nos
2008 2401 2167 2444 legimus,

395 2477 471 2499 cum
496 2476 557 2499 sua
583 2466 648 2499 CX
674 2475 842 2498 annorum
868 2465 1012 2506 periodo
1046 2465 1215 2496 rettulisse
1240 2464 1375 2496 videtur
1401 2464 1445 2496 ad
1471 2464 1660 2496 saecularia
1694 2464 1863 2496 celebrata
1894 2463 2081 2496 secundum
2106 2473 2167 2495 an·

396 2528 491 2561 nales
518 2537 609 2560 anno
635 2527 729 2560 urbis
756 2527 826 2559 605
854 2527 907 2558 vel
934 2526 1021 2566 6083
1056 2535 1135 2557 nam
1166 2536 1226 2567 per
1253 2525 1341 2557 hanc
1368 2526 1655 2567 computationem
1682 2525 1871 2558 saecularia
1894 2524 2014 2557 referri
2046 2528 2166 2566 potue-

397 2594 477 2622 runt
501 2590 545 2621 ad
572 2599 603 2621 a.
625 2590 706 2630 714,
739 2599 805 2631 quo
831 2588 945 2620 Pouio
971 2587 1080 2619 fasces
1106 2586 1220 2629 gessit.
1273 2586 1373 2626 Quod
1401 2591 1578 2629 computus
1603 2596 1681 2619 vere
1706 2596 1774 2619 uno
1801 2596 1892 2619 anno
1919 2585 2035 2618 differt
2059 2588 2103 2626 et,
2131 2584 2168 2616 id

399 2651 490 2694 quod
514 2651 651 2693 gravius
677 2654 738 2691 est,
773 2649 866 2692 quod
891 2649 1026 2681 saecula
1052 2648 1247 2680 centenaria
1273 2648 1321 2679 ita
1347 2658 1423 2680 cum
1451 2648 1595 2680 saeculis
1620 2658 1788 2681 annorum
1814 2651 2033 2680 centenorum
2059 2647 2167 2679 deno-

399 2723 475 2746 rum
501 2712 768 2753 confunduntur,
795 2711 877 2744 satis
903 2710 1113 2742 excusabunt
1138 2709 1325 2741 blanditiae
1352 2710 1484 2741 clientis
1510 2714 1543 2741 et
1568 2713 1702 2751 poetae.

499 2772 531 2814 2>
572 2774 667 2806 Haec
693 2773 810 2815 opinio
838 2772 919 2804 olim
947 2781 967 2803 a
992 2781 1045 2803 me
1073 2770 1214 2804 defensa
1240 2775 1273 2803 et
1298 2771 1516 2812 simplicitate
1542 2780 1602 2803 sua
1634 2771 1758 2812 opinor
1783 2770 2041 2803 commendatur
2067 2773 2100 2801 et
2125 2779 2166 2801 eo

400 2836 491 2878 quod
522 2835 639 2868 scribit
665 2834 848 2868 Suetonius
875 2833 995 2866 Claud.
1016 2834 1079 2865 21:
1106 2832 1196 2874 fecit
1220 2835 1251 2863 et
1275 2831 1465 2864 saeculares
1491 2832 1588 2875 quasi
1621 2832 1823 2875 anticipatos
1855 2830 1897 2863 ab
1924 2830 2073 2874 Anqusto
2105 2840 2164 2862 nec

402 2897 544 2940 leyitimo
571 2897 711 2940 tempori
734 2899 930 2934 reservatos,
959 2894 1058 2926 simul
1086 2894 1241 2926 indicans
1260 2893 1406 2925 eundem
1424 2894 1662 2935 imperatorem
1690 2894 1726 2925 in
1751 2893 1903 2925 historiis
1930 2892 1999 2925 suis
2017 2891 2163 2933 Augusti

400 2959 550 2991 rationes
577 2959 749 3000 probasse.
788 2956 905 2989 Potuit
929 2956 1040 2988 faeere
1064 2959 1253 2997 utrumque,
1281 2959 1314 2986 et
1339 2955 1491 2986 rationes
1515 2955 1768 2996 palingenesiae
1793 2954 1884 2987 illius
1903 2952 2088 2987 CCCOXL
2106 2962 2168 2984 an-

401 3030 521 3052 norum
547 3020 728 3052 admittere
753 3023 787 3051 et
817 3018 925 3060 magis
955 3017 1100 3059 probare
1128 3016 1299 3049 saeculum
1331 3016 1484 3057 pendens
1517 3016 1559 3048 ab
1586 3016 1716 3057 origine
1742 3015 1835 3048 urbis
1860 3015 2015 3056 adeoque
2040 3013 2167 3046 addere

402 3081 522 3114 melius
546 3081 714 3113 facturum
739 3080 843 3112 fuisse
866 3080 1071 3121 Augustum,
1098 3078 1133 3109 id
1159 3078 1187 3110 si
1214 3081 1436 3119 expectasset.
1484 3074 1662 3120 Utriusque
1682 3076 1853 3120 principis
1876 3075 2024 3108 rationes
2049 3074 2168 3116 (verba
2202 3115 2204 3121 ‚

403 3147 480 3176 sunt
506 3143 618 3176 Taciti
643 3153 723 3175 ann.
745 3143 801 3182 11,
830 3139 888 3181 11)
921 3140 1074 3172 diversae
1109 3140 1215 3181 magis
1246 3138 1382 3171 fuerunt
1414 3148 1515 3180 quam
1547 3138 1751 3171 contrariae.
1801 3137 1906 3170 Recte
1936 3136 2040 3179 igitur
2065 3136 2168 3170 Seve-

402 3206 500 3237 riana
524 3204 713 3237 saecularia
737 3203 773 3235 in
800 3203 883 3234 actis
908 3202 1046 3245 septima
1072 3201 1298 3243 appellantur,
1325 3210 1395 3232 non
1423 3204 1554 3241 octava,
1582 3204 1619 3232 ut
1643 3203 1864 3232 numerantur
1891 3198 1980 3240 apud
2007 3197 2167 3231 Censori·
2191 3191 2197 3199 '

403 3277 484 3299 num
511 3265 762 3308 comprehensis
790 3264 1000 3297 Claudianis.

505 3325 537 3367 ³)
575 3327 693 3360 Livius
718 3327 741 3358 l.
761 3325 951 3358 CXXXVI
976 3324 1067 3366 apud
1093 3324 1318 3356 Censorinum
1347 3324 1402 3363 17,
1419 3324 1462 3355 ⁴9:
1497 3322 1606 3355 eodem
1631 3333 1716 3354 anno
1743 3321 1839 3354 ludos
1864 3321 2054 3353 saeculares
2083 3318 2165 3352 Cae-

405 3399 463 3420 sar
487 3389 614 3431 inqenti
638 3391 808 3432 apparatu
827 3386 932 3428 fecit,
967 3396 1048 3428 quos
1081 3384 1251 3417 centesimo
1285 3394 1409 3427 quoque
1437 3395 1522 3416 anno
1550 3401 1593 3406 —
1621 3385 1651 3415 is
1682 3383 1765 3416 enim
1797 3383 1951 3415 terminus
1982 3380 2053 3423 (Itis
2083 3381 2167 3413 enim

406 3451 577 3483 terminari
600 3449 690 3490 cod.)
717 3447 844 3481 saeculi
869 3465 913 3471 —
931 3447 1014 3490 fieri
1037 3457 1106 3478 mos
1131 3450 1179 3478 est
1204 3445 1254 3485 (ut
1280 3445 1384 3485 cod.)-
