2216 3796
419 830 493 916 P
493 880 558 917 lus
589 890 707 927 quam
736 877 946 916 biennium
982 878 1156 930 transiit,
1195 882 1405 929 postquam
1442 879 1764 929 supplementum
1799 880 1877 918 hoc
1914 879 2083 919 alterum
2113 879 2177 919 in-
2202 902 2208 913 .-

420 947 682 998 scriptionum
712 947 984 997 Hispanarum
1020 947 1260 998 impressum
1289 953 1328 986 et
1358 947 1550 998 exemplis
1585 947 1739 998 aliquot
1773 959 1952 987 seorsum
1981 946 2100 987 editis
2125 949 2176 988 ad

418 1017 569 1055 amicos
601 1029 669 1054 eos
699 1015 978 1054 transmissum
1007 1020 1078 1067 est,
1111 1015 1182 1066 qui
1209 1015 1253 1054 in
1284 1018 1556 1067 componendo
1586 1016 1658 1054 illo
1687 1029 1751 1054 me
1772 1015 2018 1056 adjuverant.
2067 1017 2176 1056 Dum
2198 1002 2203 1063 ,Δ

418 1084 661 1135 imprimitur
690 1084 856 1122 accessit
886 1083 1105 1122 auctarium
1136 1082 1190 1136 (n.
1215 1081 1473 1137 263—300);
1510 1098 1601 1123 cum
1629 1084 1710 1123 iam
1738 1089 1896 1136 tempus
1923 1084 2100 1137 hautot,
2130 1090 2176 1124 ut
2198 1123 2199 1126 ,

417 1158 602 1192 octavum
636 1154 712 1191 hoc
750 1151 1029 1203 Ephemeridis
1067 1152 1344 1203 epigraphicae
1374 1153 1563 1191 volumen
1598 1152 1643 1191 in
1677 1152 1886 1204 publicum
1915 1152 2173 1211 emitteretur,
2198 1167 2200 1170 ’

415 1235 522 1261 nova
551 1221 712 1260 interim
740 1220 1049 1271 inscriptionum
1068 1221 1211 1260 messis
1231 1221 1438 1261 succrevit.
1487 1221 1612 1260 Tituli
1640 1235 1805 1260 numero
1836 1221 1993 1262 circiter
2011 1222 2078 1262 CO
2105 1236 2176 1273 per

416 1292 491 1329 hoc
521 1290 730 1329 biennium
760 1290 808 1328 ab
840 1289 978 1327 amicis
1007 1289 1106 1327 mihi
1136 1289 1326 1328 submissi
1362 1295 1455 1328 sunt
1491 1303 1540 1328 ex
1570 1290 1755 1330 omnibus
1792 1292 1876 1330 fere
1914 1290 2174 1342 paeninsulae

416 1359 661 1409 regionibus.
711 1360 759 1397 Id
778 1357 886 1396 enim
906 1371 1013 1396 nunc
1034 1359 1195 1396 demum
1215 1344 1453 1397 consecutus
1479 1371 1568 1397 sum
1598 1346 1943 1398 adhortationibus
1973 1358 2174 1398 continuis

416 1433 456 1467 et
485 1427 745 1478 epistularum
776 1427 1013 1465 commercio
1044 1440 1250 1477 nunquam
1278 1427 1512 1479 interrupto,
1544 1433 1590 1466 ut
1618 1441 1745 1478 paene
1774 1427 1878 1466 nihil
1896 1427 1955 1467 ibi
1973 1427 2175 1466 invenire·
2196 1439 2197 1442 ’

415 1502 493 1549 tur,
526 1498 574 1535 de
605 1509 684 1544 quo
717 1495 861 1534 certior
890 1509 972 1534 non
1001 1497 1148 1534 fierem.
1200 1497 1278 1534 Sed
1303 1500 1398 1535 sunt
1427 1496 1471 1534 in
1501 1509 1666 1535 numero
1696 1496 1765 1535 illo
1796 1496 1907 1535 tituli
1936 1497 2170 1548 complures,

415 1579 586 1615 quorum
615 1569 770 1603 textum
799 1565 980 1602 nondum
1009 1577 1229 1614 proponere
1258 1564 1355 1603 licet
1384 1573 1576 1614 quantum
1613 1565 1701 1604 fieri
1736 1569 1870 1616 potest
1906 1566 2170 1605 emendatum.
2203 1557 2208 1575 ³

414 1634 553 1673 Veluti
591 1633 766 1683 exempli
802 1645 921 1671 causa
955 1632 1135 1684 illorum,
1174 1632 1244 1682 qui
1272 1633 1316 1671 in
1345 1646 1444 1683 rupe
1473 1633 1563 1672 viva
1593 1635 1643 1672 ad
1672 1647 1781 1672 oram
1818 1633 1976 1673 insulae
2004 1633 2173 1672 Baliaris
2202 1628 2209 1637 ⁴

414 1702 582 1741 minoris
618 1701 811 1751 insculpti
842 1705 977 1739 extant
1009 1699 1067 1754 (C.
1088 1703 1128 1739 II
1154 1715 1192 1751 p.
1218 1699 1327 1752 963).
1389 1701 1497 1740 Novi
1526 1702 1612 1740 eius
1641 1702 1798 1752 generis
1827 1701 1990 1741 interim
2029 1701 2174 1741 detecti

414 1776 507 1809 sunt
546 1770 717 1820 ibidem3
760 1770 857 1808 item
893 1769 1133 1820 sepulcrales
1169 1769 1318 1808 vetusti
1351 1783 1475 1820 prope
1511 1771 1719 1822 oppidum,
1756 1770 1864 1820 quod
1893 1770 2172 1810 Guiuntanum
2188 1808 2193 1815 2

413 1840 539 1878 fuisse
577 1840 691 1877 credo
732 1838 775 1876 in
812 1838 945 1876 insula
982 1838 1130 1876 Baliari
1166 1838 1316 1876 maiore
1353 1837 1487 1890 (supra
1516 1853 1553 1889 p.
1578 1835 1688 1892 445).
1747 1842 2014 1878 Accesserant
2050 1838 2172 1879 etiam
2204 1855 2206 1858 ’

411 1908 557 1947 Iberici
587 1907 693 1958 novi,
727 1921 776 1945 ex
807 1905 1017 1944 Lusitania
1046 1906 1317 1958 meridionali,
1350 1921 1399 1945 ex
1431 1906 1646 1959 Callaecia,
1679 1909 1789 1946 unde
1816 1907 1920 1946 nulli
1948 1908 2078 1946 adhuc
2106 1908 2171 1947 in-

413 1980 647 2028 notuerunt,
679 1989 729 2014 ex
758 1975 938 2027 Baetica,
972 1989 1021 2013 ex
1052 1975 1285 2027 Celtiberia,
1323 1989 1423 2025 quos
1453 1990 1591 2014 omnes
1621 1977 1898 2027 supplemento
1927 1976 2088 2027 proprio
2118 1978 2170 2016 ad

412 2047 676 2084 Monumenta
718 2044 878 2093 linguae
919 2044 1095 2082 Ibericae
1132 2045 1312 2083 addendo
1351 2046 1680 2094 comprehendere
1715 2045 1758 2084 in
1795 2045 1927 2084 animo
1958 2050 2029 2085 est.
2090 2047 2166 2085 Sed

412 2128 531 2164 quam
562 2127 700 2152 omnes
730 2118 983 2163 expectamus
1012 2113 1207 2152 desiderio
1236 2126 1380 2163 magno
1411 2113 1604 2163 bilinguis
1623 2127 1716 2152 vera
1735 2115 1914 2153 nondum
1934 2114 2165 2165 comparuit.

411 2183 575 2232 Reliqui
595 2181 809 2220 maximam
830 2186 981 2232 partem
1001 2182 1163 2231 quidem
1184 2183 1422 2231 sepulcrales
1443 2187 1537 2221 sunt
1557 2181 1772 2235 simplices,
1798 2186 1845 2221 ut
1864 2183 2166 2235 exspectaveris,

412 2257 451 2290 et
482 2264 722 2301 quamquam
752 2264 834 2288 non
865 2250 951 2289 sine
980 2250 1122 2301 pretio,
1154 2255 1315 2301 propter
1344 2251 1536 2289 formulas
1567 2255 1605 2289 et
1634 2250 1796 2289 nomina
1829 2250 2037 2304 peregrina
2066 2265 2166 2301 quae

411 2321 628 2371 continent,
660 2326 793 2358 tamen
823 2333 905 2357 non
934 2319 1036 2357 tanti
1064 2319 1269 2371 momenti,
1301 2324 1346 2357 ut
1365 2319 1635 2358 necessarium
1654 2321 1853 2359 crederem
1876 2333 2014 2359 omnes
2034 2322 2165 2360 denuo

409 2389 453 2426 in
494 2388 637 2427 seriem
675 2388 979 2438 geographicam
1016 2389 1195 2426 redactos
1243 2387 1310 2426 hic
1348 2388 1514 2427 adicere.
1588 2388 1722 2438 Selegi
1758 2393 1891 2428 autem
1937 2387 2164 2439 quindecim

409 2458 570 2496 maioris
601 2457 805 2506 aliquanto
835 2457 965 2508 pretii,
999 2469 1099 2506 quos
1129 2457 1234 2494 infra
1263 2456 1404 2508 adieci,
1436 2470 1485 2494 ne
1507 2456 1577 2495 diu
1603 2456 1647 2494 in
1668 2457 1823 2496 schedis
1852 2457 1953 2496 meis
1980 2458 2160 2496 laterent.

409 2526 554 2564 Adieci
598 2531 800 2576 praeterea
842 2525 1119 2564 adnotationes
1163 2538 1310 2575 paucas
1350 2526 1402 2563 ad
1435 2525 1576 2564 titulos
1614 2538 1734 2576 supra
1767 2525 1810 2564 in
1848 2527 1924 2565 hoc
1959 2525 2162 2565 volumine

409 2594 555 2646 editos,
595 2608 694 2644 quas
730 2600 799 2633 aut
835 2595 1016 2644 exempla
1051 2594 1216 2632 meliora
1254 2594 1416 2632 interim
1451 2594 1648 2633 submissa
1685 2599 1753 2633 aut
1781 2594 1998 2633 amicorum
2027 2595 2162 2633 obser-

407 2663 587 2701 vationes
617 2668 686 2701 aut
716 2663 1054 2702 considerationes
1084 2663 1246 2701 iteratae
1277 2662 1434 2714 exigere
1463 2663 1571 2701 visae
1601 2667 1706 2702 sunt.

522 2754 700 2793 Berolini
730 2767 864 2793 mense
894 2753 1040 2792 Martio
1071 2768 1105 2792 a.
1129 2754 1494 2793 MDCCCXCVIII.

1526 2893 1761 2939 Aanvs
1795 2891 2022 2939 Hi‘mmm.
