2216 3796
399 338 496 385 356
1142 347 1395 381 Lvst'rAmA

391 474 597 526 Portuyuds
625 475 644 512 Ι
679 474 784 512 1895
815 485 854 523 p.
879 473 931 511 58
953 468 1034 525 ss.).
1094 473 1235 522 Neque
1267 485 1357 511 vero
1389 473 1519 511 obstat
1549 473 1667 524 quod,
1699 476 1745 511 ut
1772 471 1880 511 idem
1907 472 1969 512 vir
1995 473 2139 515 doetus

392 546 565 594 adnotat,
598 541 705 593 briqa
735 540 931 580 Celticum
959 541 1047 580 loco
1080 541 1273 580 eminenti
1300 541 1426 591 magis
1456 541 1643 580 convenit
1672 554 1792 591 quam
1819 541 1953 594 plano,
1984 541 2030 582 in
2051 543 2155 594 quo'·

390 612 489 652 sitae
526 616 620 651 sunt
653 610 870 661 parietinae
906 609 1000 649 inde
1037 624 1059 648 a
1096 610 1289 650 Resendii
1327 614 1452 649 aetate
1484 610 1628 649 Troiae
1665 610 1828 656 nomine
1857 615 1990 653 notae.
2047 599 2151 653 Hoc1

390 681 532 720 Troiae
569 680 809 719 vocabulum
844 692 927 718 non
967 692 1016 718 ex
1056 679 1317 730 Caetobrigae
1357 684 1488 718 ortum
1527 692 1634 731 esse,
1667 680 1738 718 sed
1767 679 1942 720 inditum
1968 681 2138 721 fortasse

391 752 480 789 loco
511 750 572 788 illi
601 749 644 787 in
674 748 815 787 Troiae
845 747 990 787 veteris
1019 748 1252 787 memoriam
1283 763 1306 787 a
1334 748 1430 787 viris
1461 748 1589 787 doctis
1619 748 1768 787 saeculi
1796 750 1894 788 XVI
1931 749 2139 794 oswaldus
2162 795 2163 798 ,

391 819 597 858 Crawfurd
635 818 851 856 Britannus
892 814 1093 870 (Portuqal
1134 817 1211 856 Old
1248 817 1325 856 and
1361 818 1475 869 New,
1517 817 1708 856 Londinii
1744 819 1864 871 1882,
1894 832 1934 869 p.
1966 819 2048 859 249
2070 816 2167 873 ss.)-

392 888 578 939 opinatus
609 892 668 925 est
699 892 736 924 et
771 890 862 937 post
892 900 983 925 eum
1014 888 1282 925 demonstrare
1320 886 1473 925 studuit
1501 886 1612 925 Leite
1643 887 1691 924 de
1721 887 2004 928 Vasconcellos
2033 885 2074 942 (l.
2106 902 2136 928 s.
2166 907 2167 910 ¹

393 971 424 996 s.
454 971 493 1007 p.
529 953 610 1009 60).
672 958 785 998 Quae
823 955 958 1005 opinio
990 969 1229 1005 quamquam
1258 955 1418 1005 probari
1447 955 1606 1007 nequit,
1637 959 1771 994 tamen
1801 955 1920 995 Troia
1948 961 2018 996 aut
2044 956 2168 1002 villa}

393 1025 570 1064 Cornelii
598 1024 747 1063 Bocchi
776 1024 900 1063 fuisse
938 1028 1086 1076 potest,
1127 1029 1172 1062 ut
1202 1023 1299 1063 olim
1329 1023 1503 1076 conieci,
1546 1029 1615 1062 aut
1645 1023 1763 1062 statio
1793 1023 1992 1065 maritima
2002 1022 2168 1077 :picci-

395 1108 535 1134 narum
572 1099 612 1133 et
649 1094 866 1133 salinarum
896 1095 945 1132 ad
974 1094 1250 1144 Caetobrigam
1279 1093 1501 1145 pertinens,
1542 1107 1643 1143 quae
1673 1093 1761 1144 ipsa
1788 1093 1924 1145 potius
1957 1094 2036 1135 siu
2063 1096 2141 1135 fuit
2162 1118 2173 1144 χ

394 1165 464 1216 ibi,
496 1164 568 1203 ubi
597 1163 715 1202 hodie
747 1162 902 1202 Setubal
929 1163 1122 1214 oppidum
1153 1168 1214 1201 est
1242 1176 1332 1201 cum
1364 1150 1525 1201 castello
1556 1163 1598 1200 in
1627 1176 1726 1213 rupe
1757 1163 1838 1202 alta
1864 1162 2010 1214 posito.
2063 1163 2142 1204 Cui
2170 1175 2172 1178 ’

397 1234 499 1272 illud
529 1247 609 1272 non
640 1234 782 1284 obstat,
817 1234 925 1280 quod
953 1232 1063 1271 tituli
1092 1233 1221 1271 adhuc
1251 1231 1485 1282 prodierunt
1503 1231 1644 1271 Troiae
1671 1235 1839 1285 tantum,
1870 1245 1953 1272 non
1982 1232 2026 1272 in
2053 1233 2142 1285 ipsa

395 1302 551 1341 Secubat
578 1302 687 1340 urbe.
747 1302 876 1339 Nemo
908 1301 1015 1340 enim
1045 1314 1235 1351 umquam
1265 1302 1313 1340 de
1342 1301 1465 1340 huius
1494 1300 1613 1339 urbis·
1634 1305 1832 1340 vetustate
1861 1301 1989 1340 adhuc
2019 1315 2142 1352 quae·
2168 1296 2171 1306 ⁵

397 1371 501 1410 sivit.

394 1472 422 1515 4
453 1473 577 1528 (2479
610 1491 665 1508 =
698 1472 822 1528 5617)
877 1476 970 1513 Non
1000 1480 1154 1525 reperta
1187 1480 1247 1513 est
1285 1475 1329 1512 in
1369 1468 1569 1526 Valderbye
1605 1475 1751 1526 oppido
1792 1475 2032 1528 Callaeciae,
2071 1476 2143 1516 ubi
2177 1510 2206 1537 3

450 1544 584 1582 nescio
615 1557 693 1594 quo
725 1557 854 1582 errore
886 1544 1145 1583 collocaverat
1175 1543 1335 1594 Argotii
1374 1543 1524 1583 amicus
1563 1557 1805 1597 anonymus,
1846 1545 1916 1584 sed
1952 1549 2062 1585 extat
2099 1545 2142 1584 in
2203 1540 2207 1581 ἶ

453 1613 616 1651 Aleae-er
645 1613 692 1651 do
716 1613 787 1651 Sal
813 1614 911 1651 urbe
940 1613 1185 1664 Lusitaniae,
1216 1613 1365 1652 inserta
1394 1626 1508 1652 muro
1540 1613 1697 1652 aedium
1727 1613 1895 1653 sitarum
1923 1614 1967 1653 in
1996 1615 2142 1666 angulo
2205 1655 2207 1658 ,

452 1682 604 1720 viarum
642 1683 730 1720 Rua
769 1682 920 1720 Direita
961 1686 1000 1720 et
1037 1682 1127 1721 Rua
1165 1683 1211 1720 do
1253 1682 1447 1720 Cotovbllo.
1519 1682 1641 1733 Lapis
1675 1683 1820 1733 longus
1856 1687 1917 1723 est
1945 1697 1998 1735 m.
2036 1685 2141 1737 1.65,

454 1752 557 1790 altus
590 1753 698 1802 0.53,
730 1751 884 1790 litterae
915 1752 1065 1789 saeculi
1095 1751 1214 1801 primi
1243 1751 1428 1802 optimae.

632 1839 656 1876 l.
676 1837 857 1875 cornelius
873 1838 948 1889 bf.
970 1837 1215 1876 bocCHVS
1251 1857 1259 1867 ·
1295 1838 1368 1876 PR
1402 1854 1410 1862 ·
1446 1837 1784 1877 CAESARVM
1814 1837 1908 1878 BIS

619 1909 765 1956 flamen
808 1920 918 1956 prov.
962 1907 1079 1955 ponT
1120 1922 1128 1931 ·
1173 1907 1321 1945 PERP
1361 1922 1370 1931 ·
1411 1907 1671 1945 FLAMEN
1714 1923 1722 1931 ·
1763 1907 1910 1946 PER?

633 1976 795 2014 coloniae
889 1975 1082 2014 scallabiT
1102 1992 1110 2000 ·
1132 1977 1198 2014 PR
1217 1992 1225 2000 ·
1247 1976 1535 2014 FABRV·TR·
1552 1976 1661 2014 MIL·
1674 1976 1711 2014 D
1725 1992 1733 2000 ·
1751 1977 1777 2015 S
1791 1992 1800 2000 ·
1814 1977 1842 2015 P
1855 1992 1864 2001 ·
1878 1969 1926 2015 F*
1978 2006 1980 2009 -

395 2065 426 2101 I.
458 2062 569 2101 Leite
601 2063 648 2100 de
679 2062 960 2100 Vasconcellos
991 2075 1011 2099 ο
1042 2061 1273 2113 Archeoloqo
1303 2061 1510 2113 Portuquds
1538 2063 1557 2101 I
1593 2063 1697 2100 1895
1730 2076 1767 2113 p.
1803 2064 1854 2101 69
1877 2075 1928 2101 ss.

454 2135 737 2185 Supplementa
766 2133 935 2184 praeivit
965 2133 1092 2172 editor
1122 2134 1375 2186 novissimus,
1408 2133 1477 2183 qui
1507 2134 1671 2173 titulum
1700 2135 1751 2172 ad
1780 2133 2012 2173 Cornelium
2040 2135 2144 2173 Boc-
2171 2134 2205 2188 ι

396 2208 513 2245 chum
554 2205 751 2257 pertinere
789 2205 1001 2256 perspexit.
1062 2208 1240 2256 Apparet
1278 2208 1415 2244 deesse
1452 2205 1660 2244 dimidiam
1690 2207 1772 2244 fere
1802 2209 1955 2257 partem
1983 2205 2142 2258 lapidis,
2188 2202 2192 2243 s

396 2276 466 2326 qui
500 2275 730 2326 epistylium
766 2276 934 2314 fortasse
974 2275 1083 2314 aedis
1122 2275 1293 2314 alicuius
1327 2276 1390 2313 vel
1428 2275 1530 2314 alius
1569 2275 1740 2314 aedificii
1775 2275 1926 2326 publici
1955 2280 2050 2315 erat.
2104 2277 2144 2314 Ε
2179 2277 2196 2320 ζ’

398 2346 554 2384 duobus
585 2345 673 2383 aliis
705 2344 791 2383 eius
821 2344 950 2383 titulis
980 2344 1186 2383 Lusitanis
1218 2342 1270 2397 (n.
1301 2346 1368 2383 35.
1403 2341 1527 2397 5184)
1559 2345 1764 2383 constabat
1792 2345 1991 2383 Bocchum
2019 2343 2144 2384 fuisse
2178 2364 2197 2396 j.

395 2414 598 2471 flaminem
626 2413 855 2464 provinciae
878 2405 1116 2452 'Lusitaniae
1148 2418 1187 2451 et
1216 2413 1422 2452 tribunum
1451 2413 1621 2463 legionis
1651 2413 1790 2452 tertiae
1820 2415 2050 2464 Augustae3
2080 2427 2145 2452 re-

396 2487 507 2536 liqua
538 2485 624 2524 eius
654 2499 819 2524 munera
848 2485 913 2523 hic
943 2484 1115 2535 primum
1144 2485 1383 2524 indicantur.
1425 2485 1599 2524 Indicari
1628 2490 1762 2524 autem
1790 2485 1976 2524 videntur
2005 2485 2144 2525 ordine
2176 2471 2198 2524 s.

396 2561 619 2606 temporum
647 2559 765 2606 recto,
799 2554 996 2604 siquidem
1024 2558 1115 2605 post
1143 2556 1433 2605 praefecturam
1463 2557 1676 2594 Caesarum
1703 2554 1883 2594 iteratam
1911 2553 2143 2594 flamonium

395 2625 619 2676 provinciae
651 2638 722 2674 pro
753 2637 907 2662 summo
930 2623 1016 2662 eius
1036 2625 1186 2662 honore
1207 2625 1434 2662 habendum
1456 2629 1525 2663 est.
1574 2624 1832 2663 Pontificatus
1853 2628 1893 2663 et
1911 2624 2143 2663 flamonium
2198 2613 2213 2634 ³⁴

397 2693 616 2733 sacerdotia
646 2692 906 2743 municipalia
934 2697 1126 2744 perpetua
1156 2693 1193 2731 ei
1220 2698 1471 2743 manserunt3
1503 2707 1667 2732 munera
1687 2693 1875 2732 militaria
1895 2694 1974 2732 duo
1994 2693 2144 2733 maiora
2179 2688 2196 2722 -’-’

397 2764 438 2801 in
468 2765 546 2802 fine
577 2767 688 2801 extra
719 2761 899 2800 ordinem
928 2761 1082 2801 adiecta
1111 2766 1216 2801 sunt.
1267 2762 1498 2801 Provinciae
1529 2776 1675 2801 nomen
1705 2768 1744 2801 et
1763 2775 1952 2802 numerus
1970 2762 2142 2814 legionis

396 2832 543 2870 omissa
573 2831 692 2869 aetati
722 2836 762 2869 et
790 2831 877 2869 loco
899 2830 1161 2880 conveniunt3
1194 2832 1381 2869 Caesares
1402 2831 1507 2869 enim
1529 2833 1737 2881 Augustus
1757 2835 1797 2870 et
1815 2830 1999 2870 Tiberius
2018 2830 2143 2870 fuisse
2184 2816 2189 2819 ν

396 2901 563 2952 putandi
593 2906 696 2940 sunt.

451 2972 499 3009 V.
527 2972 548 3008 3
582 2969 635 3008 in.
661 2982 755 3008 11·1²R
786 2969 968 3008 exhibuit
996 2971 1234 3019 Anonymus
1263 2969 1435 3021 Argotii,
1465 2981 1560 3008 ’r-PR
1589 2969 1755 3008 schedae
1785 2969 1998 3019 Moreirae3
2029 2968 2141 3008 Leite
2162 2983 2193 3018 rs

393 3039 567 3078 litteram
585 3039 755 3090 primam
774 3041 894 3077 humo
916 3043 1059 3077 tectam
1079 3052 1160 3076 non
1179 3037 1291 3090 vidit,
1315 3039 1386 3077 sed
1401 3038 1666 3078 effodiendam
1682 3038 1833 3077 curavit
1847 3042 1887 3077 et
1900 3042 2010 3078 tactu
2029 3051 2143 3078 lesse
2178 3033 2195 3094 3⁷

396 3108 596 3147 iudicavit.
670 3108 826 3149 Quodsi
855 3108 911 3146 ita
948 3112 1024 3159 est,
1067 3109 1233 3146 fortasse
1275 3108 1543 3158 supplendum
1581 3121 1692 3148 cotonea
1729 3120 1869 3147 εοαιιαῡι.
1940 3108 2018 3146 Sed
2056 3106 2143 3146 fieri
2180 3112 2196 3126 '⁴

395 3179 538 3231 potuit,
570 3183 614 3217 ut
635 3193 781 3218 nomen
802 3179 951 3231 oppidi,
982 3180 1096 3218 cuius
1116 3179 1348 3218 muneribus
1368 3180 1489 3218 sacris
1510 3178 1760 3230 publicisque
1780 3179 1960 3217 Bocchus
1980 3179 2143 3217 functus
2181 3168 2191 3186 ἵ

397 3252 489 3299 erat,
524 3249 686 3287 omnino
717 3262 798 3287 non
828 3248 1092 3298 indicaretur3
1125 3248 1281 3287 colonia
1310 3248 1576 3287 Scallabitana
1605 3252 1775 3286 statuam
1805 3247 1844 3286 ei
1871 3246 2006 3298 posuit
2032 3247 2144 3286 Sala-

396 3320 478 3358 ciae
496 3317 547 3372 (n.
568 3317 647 3373 35).
680 3321 861 3371 Cogitavi
883 3322 930 3359 de
951 3321 1080 3358 duovir
1105 3317 1261 3373 aedil(is)
1277 3320 1330 3358 II
1344 3321 1408 3358 vel
1431 3320 1576 3372 potius,
1604 3320 1638 3358 si
1664 3332 1688 3357 ιι
1707 3318 1911 3369 Anonymi
1930 3332 2014 3358 non
2035 3322 2142 3358 recte
2194 3331 2195 3335 ¹

396 3389 543 3426 lectum
575 3392 633 3426 est
661 3402 732 3439 pro
764 3402 810 3441 ιι,
845 3390 893 3428 de
923 3403 1025 3428 duovcr
1045 3403 1087 3428 bis
1107 3399 1218 3438 aed1L3
1250 3403 1342 3428 nam
1371 3402 1461 3428 cum
1489 3402 1607 3439 supra
1636 3387 1691 3425 bis
1718 3387 1908 3438 scriptum
1929 3387 1992 3440 sit,
2024 3398 2049 3425 ιι
2070 3400 2141 3438 pro

399 3455 541 3494 iterum
571 3457 775 3506 probabile
796 3472 878 3496 non
900 3461 969 3496 est.
1011 3459 1150 3506 Itaque
1181 3471 1316 3497 versus
1345 3457 1452 3496 tertii
1483 3457 1757 3507 supplementa
1786 3456 1938 3495 incerta
1966 3460 2139 3495 manent.
2194 3461 2203 3471 ²
