2216 3796
408 341 506 388 484
926 354 1295 388 ms'rRVMENTVM
1330 357 1629 391 nomns'rlcvM

406 479 634 519 bracchium
662 479 794 529 ipsum
825 482 929 517 certo
960 479 1132 528 quodam
1154 484 1214 518 est
1237 482 1429 531 pondere;
1461 482 1655 520 accedunt
1683 483 1895 532 gravitates
1922 484 2149 540 lamminae,

407 562 508 598 quae
539 548 660 586 affixa
690 550 769 599 est,
809 550 848 585 et
878 547 1092 586 claviculae
1123 561 1213 586 cum
1243 549 1532 600 aequipondio;
1569 551 1650 601 iam
1679 550 1715 590 si
1742 553 1884 592 harum
1913 554 2172 604 gravitatum

409 630 604 656 summam
644 615 979 668 computabimus,
1020 618 1179 667 pondus
1216 611 1474 657 coniunctum
1511 620 1746 659 habebimus
1784 622 1948 671 aequale
1984 623 2155 675 ponderi
2167 619 2170 625 ’

406 685 570 724 alterius
598 683 773 723 bracchii
794 685 1006 724 coniuncto
1028 699 1117 724 cum
1141 686 1269 726 lancis
1290 692 1328 726 et
1347 688 1489 726 mercis
1518 689 1623 727 lanei
1653 690 1860 740 impositae
1889 691 2152 742 gravitatibus
2175 679 2176 682 Ἴ

407 752 512 806 (nam
542 755 590 792 ab
620 753 737 792 initio
769 754 996 803 aequilibrii
1025 755 1267 805 positionem
1295 756 1617 809 postulavimus).
1678 760 1762 798 Iam
1791 759 2049 800 manifestum
2077 766 2149 813 est,
2176 753 2177 758 ¹

405 837 482 872 qua
513 824 561 860 de
592 835 710 860 causa
740 823 851 862 faber
878 823 1040 862 brevius
1069 823 1297 862 bracchium
1317 825 1360 863 in
1380 826 1549 864 formam
1579 826 1756 876 cylindro
1787 827 1956 867 similem
1985 841 2150 879 eamque
2174 845 2176 848 ·

405 891 638 930 crassiorem
667 891 920 942 produxerit:
952 892 1143 932 brevioris
1172 893 1348 932 bracchii
1377 894 1611 943 gravitatem
1630 896 1711 934 fere
1732 897 1939 946 aequalem
1966 897 2153 948 gravitati
2179 885 2200 906 ⁸

404 960 596 1010 longioris
617 960 791 999 bracchii
807 974 897 1000 cum
916 962 1108 1001 lammina
1123 976 1195 1002 sua
1211 962 1343 1001 effecit
1363 967 1402 1002 et
1422 967 1616 1012 quantum
1632 964 1807 1014 spatium
1821 966 1871 1004 ab
1891 978 1938 1004 eo
1956 966 2152 1017 longioris
2186 959 2201 1001 ss

404 1029 578 1068 bracchii
597 1035 757 1082 puncto,
789 1030 894 1068 infra
914 1033 1023 1080 quod
1051 1044 1062 1069 1
1091 1031 1250 1084 legitur,
1281 1044 1408 1081 usque
1430 1034 1481 1071 ad
1502 1037 1681 1071 centrum
1700 1033 1886 1086 pertinet,
1915 1036 2152 1092 tantundem
2180 1059 2186 1113 ¹ss

405 1113 427 1136 a
457 1102 590 1137 centro
622 1100 672 1137 ad
701 1098 802 1137 illud
830 1099 1021 1138 brevioris
1050 1099 1224 1138 bracchii
1252 1104 1462 1151 punctum,
1502 1102 1609 1140 unde
1647 1102 1808 1141 lancula
1835 1115 2032 1154 suspenn
2058 1103 2149 1156 fuit,
2194 1135 2196 1137 >

405 1180 490 1205 esse
519 1167 657 1206 voluit.
721 1169 834 1208 Quae
864 1168 945 1206 nisi
979 1168 1233 1220 providisset,
1271 1169 1378 1207 scala
1415 1169 1680 1209 incisurarum
1719 1184 1764 1210 ac
1799 1176 2005 1217 notarum,
2006 1173 2152 1212 tabula
2178 1134 2204 1231 {g

405 1227 529 1275 multo
561 1237 809 1286 angustiores
840 1237 1009 1286 ideoque
1040 1237 1172 1276 minus
1203 1242 1317 1288 aptae
1348 1239 1398 1276 ad
1428 1238 1707 1287 quotidianum
1726 1252 1846 1278 usum
1865 1241 1991 1280 factae
2020 1246 2154 1281 essent
2196 1234 2204 1295 f

406 1302 514 1358 (haec
546 1304 653 1343 enim
682 1305 845 1356 physica
873 1306 1028 1344 ratione
1059 1306 1174 1344 facile
1205 1305 1549 1359 demonstrantur).
1607 1310 1668 1347 Ne
1698 1309 1836 1362 multa,
1865 1308 2048 1359 longiore
2074 1323 2152 1349 usu
2182 1343 2183 1346 ,

405 1378 444 1412 et
473 1374 718 1424 experientia
748 1376 859 1413 faber
889 1376 1052 1413 edoctus
1084 1389 1169 1413 esse
1203 1375 1366 1428 videtur,
1407 1389 1602 1425 quaenam
1630 1390 1783 1416 massae
1813 1390 1958 1418 aeneae
1986 1378 2152 1429 eiusque
2180 1373 2186 1420 Ῠ,

403 1443 592 1493 ponderis
622 1457 692 1493 per
722 1448 844 1481 totam
864 1443 1055 1482 trutinam
1076 1443 1303 1483 distributio
1325 1445 1532 1495 aptissima
1552 1449 1657 1484 esset
1676 1447 1726 1484 ad
1750 1451 1934 1486 notarum
1962 1445 2185 1499 tabulam,
2192 1491 2200 1497 v

405 1526 484 1561 qua
513 1511 672 1562 singula
701 1513 892 1551 mercium
922 1512 964 1550 in
993 1513 1106 1551 lance
1135 1513 1354 1563 positarum
1382 1515 1559 1564 pondera
1587 1506 2201 1554 indicarentur.

518 1580 702 1629 Denique
733 1581 768 1619 si
797 1586 930 1634 notas,
963 1595 1064 1631 quae
1093 1581 1137 1620 in
1165 1581 1355 1621 lammina
1394 1587 1567 1635 exstant,
1609 1583 1771 1623 lineolis
1806 1583 2052 1636 interpositis
2091 1584 2153 1624 di·
2193 1579 2199 1630 J

406 1649 659 1702 stinguimus,
698 1655 743 1688 ut
780 1649 823 1687 in
859 1654 995 1689 nostra
1035 1652 1162 1700 figura
1201 1652 1350 1689 factum
1380 1656 1451 1703 est,
1492 1652 1751 1702 quadraginta
1779 1652 1992 1692 lamminae
2021 1658 2153 1704 partes
2194 1663 2195 1667 ’

406 1723 612 1770 apparent,
654 1732 823 1768 quarum
852 1731 964 1758 suam
994 1733 1173 1770 quaeque
1205 1720 1421 1759 incisuram
1455 1720 1500 1759 in
1528 1722 1728 1772 superiore
1753 1722 1934 1772 margine
1959 1734 2151 1774 suamque

406 1787 537 1826 oneris
567 1787 610 1825 in
640 1789 754 1826 lance
785 1788 1038 1839 appendendi
1067 1789 1317 1828 notationem
1345 1789 1447 1839 gerit
1458 1788 1498 1843 ¹).

519 1869 739 1907 Dresdae
770 1882 821 1907 m.
853 1868 968 1907 Iunio
999 1882 1034 1908 a.
1071 1870 1192 1909 1896.
1751 1873 1797 1911 F.
1817 1873 2032 1912 Htmrson.

854 2078 904 2116 V.
946 2078 1166 2116 PLVMBO
1195 2079 1485 2117 INSCRIPTA
1513 2093 1551 2130 p.
1580 2080 1700 2119 1002.

408 2175 496 2220 257
535 2179 744 2232 Emeritae,
776 2179 819 2218 in
850 2193 999 2233 museo,
1031 2182 1152 2220 tubus
1181 2182 1405 2232 plumbeus.

1245 2296 1313 2324 IMP

405 2387 528 2425 Plano
561 2385 609 2439 (v.
634 2400 752 2437 supra
771 2400 809 2437 p.
836 2386 930 2440 360)
955 2401 993 2438 p.
1018 2389 1092 2438 43;
1123 2388 1216 2426 inde
1246 2388 1336 2428 Fita
1364 2389 1433 2428 boz.
1456 2391 1558 2429 dela
1579 2390 1700 2431 Acad.
1722 2392 1839 2431 XXV
1863 2393 1969 2431 1894
1990 2405 2029 2444 p.
2057 2395 2150 2433 144.

967 2586 1075 2624 VIII.
1117 2586 1370 2624 TEGVLAE
1399 2600 1438 2637 p.
1465 2588 1586 2626 1004.

407 2700 444 2725 n.
480 2688 588 2725 6252
623 2688 674 2725 24
705 2686 806 2726 Ilici.
857 2688 992 2726 Ibarra
1020 2687 1142 2727 misit.

406 2809 495 2855 258
522 2816 539 2852 1
583 2813 681 2865 Ilici,
713 2813 857 2852 litteris
887 2814 1115 2863 grandibus.

1177 2936 1179 2938 ψ
1221 2898 1339 2962 aco}

405 2988 537 3025 Ibarra
565 2985 688 3025 misit.

500 3135 521 3176 ¹)
546 3132 700 3177 Singula
717 3133 834 3180 spatia
850 3133 926 3169 fere
943 3132 1109 3180 aequalia
1125 3133 1310 3170 delineata
1326 3138 1411 3170 sunt
1417 3145 1427 3178 ;
1443 3138 1482 3170 at
1497 3134 1527 3169 si
1543 3134 1627 3180 quis
1643 3133 1767 3171 no'stra
1783 3137 1903 3170 aetate
1918 3134 2150 3172 mechanicus

405 3190 581 3225 trutinam
603 3190 796 3226 restituere
819 3191 858 3225 in
882 3190 1043 3226 animum
1072 3190 1268 3236 induxerit,
1303 3204 1347 3227 ex
1371 3191 1497 3227 ordine
1530 3191 1734 3228 semunciae
1758 3202 1868 3237 onus,
1898 3195 1977 3228 tum
2007 3192 2167 3238 unciaef
2211 3208 2213 3210 ·

405 3253 483 3282 tum
505 3247 644 3294 reliqua
668 3259 780 3284 onera
803 3259 920 3294 usque
943 3248 991 3283 ad
1014 3248 1163 3283 XXXX
1186 3248 1307 3295 pondo
1331 3249 1493 3295 imponet
1513 3248 1680 3285 lanculae
1705 3252 1741 3285 et
1764 3248 1812 3285 ad
1833 3260 1949 3285 unum
1979 3249 2149 3296 quodque

406 3315 500 3340 onus
532 3305 804 3340 convenientem
833 3305 1070 3351 aequipondii
1099 3305 1220 3341 locum
1249 3306 1287 3341 in
1317 3306 1485 3351 longiore
1507 3305 1675 3342 bracchio
1699 3305 1898 3342 adnotabit.
1944 3306 2028 3346 Quo
2051 3306 2149 3342 facto

408 3363 515 3397 etiam
540 3363 703 3409 strigum,
728 3375 819 3409 quae
844 3363 884 3398 in
905 3363 1068 3398 breviore
1094 3367 1180 3399 sunt
1201 3364 1381 3409 bracchio,
1405 3364 1498 3400 ratio
1517 3364 1754 3399 demonstrari
1777 3363 1926 3410 poterit;
1949 3375 2035 3400 nam
2057 3373 2148 3411 pon·

409 3420 533 3455 derum
557 3421 595 3456 in
618 3420 790 3456 lammina
813 3421 1040 3458 notationem
1057 3421 1103 3456 ad
1119 3433 1233 3456 unum
1256 3421 1422 3457 lanculae
1446 3421 1721 3468 suspendendae
1743 3421 1865 3457 locum
1887 3425 2009 3468 aptam
2032 3421 2167 3461 fuisse,

409 3476 471 3511 vix
495 3481 551 3513 est
574 3476 651 3514 veri
675 3478 810 3514 simile:
842 3483 879 3515 at
903 3478 934 3513 si
958 3478 1114 3524 primum
1137 3478 1176 3514 in
1200 3478 1323 3526 aliqua
1347 3479 1478 3525 strige,
1511 3491 1604 3525 quae
1626 3478 1778 3525 propius
1805 3481 1854 3524 G,
1886 3483 1966 3515 tum
1995 3478 2035 3514 in
2064 3477 2148 3524 alia,
2212 3473 2216 3481 Χ

2187 3552 2214 3603 §.⁴
