2216 3796
657 326 930 360 cosvnmvs
967 326 1241 359 etvaNsxs
1732 307 1831 356 419

563 500 670 540 vm.
713 497 1147 539 AvovsTOBRIGA
1178 510 1217 548 p.
1243 494 1339 537 930.

67 594 77 606 ”
98 595 99 599 ¹
123 610 145 642 ‘t'
193 607 304 648 Inter
345 604 548 646 Gaetulo-uia
587 609 627 643 et
666 603 855 654 Λῆαυίῳα
892 601 1038 654 oppida
1077 601 1307 653 provinciae
1344 602 1389 640 de
1426 601 1562 651 Seria,
1598 600 1755 652 partido
1791 600 1836 639 de

73 664 338 733 “md“
325 688 369 715 in
397 674 464 714 via
493 689 517 714 a
546 672 823 714 Matalebreros
854 674 904 712 ad
934 671 1136 723 Αἶιαυίρία,
1177 684 1249 722 pro
1280 670 1451 710 termino
1482 675 1543 710 est
1573 685 1640 710 ara
1670 670 1750 709 alta
1779 682 1832 709 m.

84 746 164 787 θ.
170 746 243 800 5⁰,
281 745 380 799 lata
394 747 432 785 0.
438 745 511 797 34,
551 745 734 784 fortasse
761 756 808 782 eo
847 742 978 782 delata
1016 755 1064 780 ex
1104 741 1223 780 Mur-o
1257 741 1301 779 de
1336 741 1494 792 Aqreda
1531 740 1697 792 oppido,
1738 739 1764 778 i.
1799 753 1831 778 e.

64 827 75 864 ζ’
123 814 427 867 Augustobriga
455 811 510 868 (11
537 827 576 866 p.
601 810 716 866 390).
776 811 951 852 Litterae
982 815 1078 850 sunt
1107 824 1208 850 saec.
1239 812 1271 861 1,
1304 811 1406 850 altae
1435 824 1488 849 m.
1523 812 1633 849 0.05.

730 956 736 963 ·
812 951 844 978 Μ
881 952 908 978 Α
947 951 973 978 ι
1013 950 1091 977 τι

811 1019 1091 1048 c·1²s·rnou

813 1088 1091 1117 1vs·mrsnu

812 1158 1092 1195 vs·Q·1=·M1

761 1227 778 1254 5
814 1227 1094 1257 sstc1vs

813 1297 1093 1326 v·s·L·M

158 1428 271 1482 spui
305 1442 356 1468 οι
391 1431 532 1480 ectypo
570 1441 593 1466 a
629 1426 720 1466 Fita
757 1425 901 1478 misso,
942 1425 1014 1476 qui
1049 1426 1109 1465 ed.
1144 1426 1214 1465 boz.
1247 1425 1292 1463 de
1322 1425 1361 1464 za
1391 1425 1512 1463 Acad.
1553 1425 1693 1463 xxm
1728 1424 1834 1463 1893

128 1500 213 1540 484
242 1502 450 1550 woeptum
478 1511 503 1537 a
530 1496 701 1536 Nicolao
731 1496 862 1535 Rabal
893 1495 1074 1534 Soriensi
1102 1509 1174 1546 per
1203 1495 1437 1534 Eduardum
1467 1494 1678 1532 Saavedra.

44 1574 60 1626 '13
121 1570 282 1610 Nomen
314 1567 441 1620 patris
479 1566 658 1618 positum
695 1570 789 1617 post
828 1578 1050 1616 cognomen
1088 1579 1123 1604 v.
1154 1567 1177 1603 4
1222 1568 1361 1603 contra
1397 1577 1517 1602 usum
1554 1563 1759 1613 vulgarem
1799 1566 1839 1601 et

38 1629 82 1667 v‘
110 1638 121 1652 ‘
163 1637 207 1648 ‘⁰
236 1669 239 1671 .
275 1636 517 1678 vocabulum
546 1635 718 1687 simplex
748 1634 949 1675 adiectum
984 1648 1067 1674 non
1103 1634 1259 1687 adiecto
1297 1646 1485 1685 numer0,
1527 1632 1570 1671 in
1600 1646 1679 1682 quo
1716 1633 1836 1671 homo

39 1694 136 1759 vssis
165 1706 367 1760 stipendia
394 1707 562 1759 fecerat,
602 1718 694 1745 cum
723 1709 871 1756 aetate,
911 1717 1032 1754 quam
1061 1704 1214 1743 indicat
1243 1703 1469 1743 litterarum
1497 1704 1644 1754 forma,
1677 1706 1716 1740 et
1746 1715 1838 1740 cum

56 1788 274 1833 sspovmon
298 1775 556 1816 eonveniunt.
609 1775 802 1814 Similiter
821 1773 1021 1813 Martialis
1039 1773 1264 1813 missicium
1284 1772 1389 1812 dixit
1413 1772 1584 1824 patriam
1603 1774 1838 1812 Ravennam

55 1838 59 1845 ’
189 1842 308 1900 -(ΠῙ
338 1842 484 1899 91,1).
546 1844 638 1885 Fita
667 1843 893 1884 observavit
923 1844 1097 1882 eundem
1125 1842 1332 1882 hominem
1361 1843 1532 1882 fortasse
1561 1841 1766 1881 nominari
1793 1841 1838 1880 in

48 1945 63 1966 J
170 1914 584 1967 ·ηΔ.ιι-3ιιεῡοὶιι·ἰεοιιεί
618 1915 659 1954 II
690 1914 801 1953 2848
841 1912 1074 1964 imperfecte
1110 1912 1332 1964 descript03
1374 1913 1445 1951 sed
1475 1926 1496 1951 e
1526 1911 1690 1951 nomine
1726 1911 1838 1951 illius

134 1995 237 2027 mm
257 2015 268 2027 .
289 2001 304 2027 .’
331 1989 491 2026 tantum
518 1984 677 2025 litterae
708 1987 939 2034 supersunt.

722 2172 794 2211 IX.
835 2171 989 2210 LARA
1017 2182 1055 2221 p.
1082 2171 1176 2210 930.

625 2263 795 2312 Accedit
828 2263 1067 2309 Quintanilla
1097 2262 1274 2303 Somuho.

50 2411 51 2414 ¹
183 2360 287 2399 Lara
315 2350 361 2399 de
379 2358 436 2398 10⁸
454 2357 632 2411 Infantes
661 2357 705 2396 in
736 2356 885 2408 oppido
905 2362 1078 2409 vetusto,
1112 2358 1220 2407 quod
1247 2370 1396 2395 nomen
1427 2356 1639 2407 antiquum
1669 2355 1842 2395 servavit

45 2429 235 2485 {tortasse
263 2442 348 2468 non
376 2431 589 2480 mutatum,
622 2427 721 2466 olim
751 2426 972 2465 extiterunt
1009 2426 1120 2465 tituli
1151 2426 1394 2478 complures,
1438 2426 1678 2477 sepulcrales
1709 2425 1839 2464 maxi-

92 2521 94 2525 ·
132 2512 176 2540 m
202 2502 358 2551 partem
385 2502 428 2537 et
456 2498 692 2548 anaglyphis
723 2496 856 2535 ornati
883 2496 1066 2548 rudibus,
1099 2498 1170 2536 sed
1191 2510 1212 2535 e
1235 2498 1411 2536 Graecae
1431 2498 1716 2546 Romanaeque
1744 2495 1840 2533 artis

38 2619 39 2622 Ἴ
63 2567 264 2621 'exemplis
292 2567 493 2608 derivatis.
554 2566 799 2606 Interierunt
829 2577 968 2605 omnes
997 2570 1160 2617 propter
1197 2565 1357 2605 solitam
1392 2565 1615 2605 incolarum
1650 2564 1841 2615 ignoran-

65 2636 167 2695 tium
193 2637 336 2691 paucis
365 2635 563 2690 exceptis,
603 2635 675 2686 qui
703 2649 724 2675 e
753 2635 1009 2690 possessione
1045 2635 1292 2675 Ferdinandi
1321 2636 1491 2674 Alvarez
1529 2635 1605 2674 viri
1640 2634 1841 2673 excellen-

59 2706 229 2767 tissimi,
249 2706 349 2759 regii
369 2707 571 2758 quondam
590 2705 741 2756 gratiae
762 2710 803 2745 et
822 2704 1001 2744 iustitiae
1021 2704 1208 2758 ministri,
1240 2705 1339 2745 civis
1359 2705 1559 2757 Larensis,
1590 2704 1634 2743 in
1654 2717 1839 2743 museum

36 2777 415 2829 uehaeologicum
459 2775 696 2815 Matritense
743 2774 927 2814 translati
974 2779 1068 2814 sunt
1103 2773 1157 2828 (Π
1188 2777 1299 2815 2869
1338 2780 1378 2814 et
1415 2773 1560 2827 2876).
1638 2776 1840 2816 Quattuor

48 2846 168 2889 scisti
208 2847 253 2887 in
297 2846 584 2898 supplemento
629 2858 719 2884 meo
765 2859 804 2884 n.
846 2845 1160 2884 5798—5800.
1202 2847 1312 2885 5803
1359 2849 1569 2884 servantur
1612 2844 1656 2882 in
1700 2857 1839 2883 museo

26 2922 47 2968 j
66 2916 286 2968 Burgum
327 2920 408 2956 tres
443 2914 540 2955 novi
575 2916 701 2954 Larae
737 2914 887 2966 reperti
916 2919 956 2953 et
986 2928 1009 2953 a
1039 2914 1294 2954 Ferdinando
1325 2915 1493 2954 Alvarez
1524 2914 1648 2965 empti
1685 2918 1723 2952 et
1759 2913 1839 2963 ipsi

25 3009 47 3044 J,
66 2985 112 3027 in
140 2999 324 3027 museum
352 2985 589 3025 Matritense
619 2983 738 3023 inlati
768 2990 862 3023 sunt
892 2982 945 3038 (n.
984 2986 1075 3024 150.
1114 2986 1204 3024 153.
1239 2982 1344 3038 155).
1406 2985 1440 3022 E
1471 2983 1629 3023 schedis
1659 2982 1839 3021 eiusdem

67 3056 238 3098 Alvarez
266 3059 348 3096 tres
375 3059 581 3107 praeterea
611 3053 758 3093 adiecit
787 3053 889 3106 Fita,
924 3067 1025 3104 quos
1055 3054 1160 3093 infra
1189 3054 1370 3092 exhibeo.
1431 3054 1608 3092 Probant
1636 3052 1679 3091 hi
1710 3065 1840 3103 nuper

24 3114 27 3115 ⁷
54 3115 259 3178 ¹descripti
294 3126 485 3176 frequens
521 3125 648 3162 Larae
685 3123 810 3162 fuisse
849 3137 979 3174 genus
1023 3122 1125 3162 illud
1170 3123 1378 3162 titulorum
1418 3121 1721 3174 sepulcralium,
1769 3123 1839 3160 sed

21 3227 24 3228 γ
66 3194 190 3236 iidem
218 3196 352 3236 denuo
390 3195 547 3247 docent,
589 3194 697 3243 quod
728 3192 826 3232 olim
857 3193 1039 3246 exposui,
1079 3193 1182 3231 male
1219 3191 1481 3232 describendo
1521 3204 1684 3242 pessum
1724 3192 1838 3230 datos

20 3265 28 3314 ᾗ
46 3259 51 3264 ’
69 3277 157 3306 esse
177 3278 258 3318 eos,
291 3263 364 3316 qui
387 3263 469 3303 iam
488 3277 571 3303 non
598 3266 746 3302 extant.
799 3263 1007 3314 Adscripsi
1036 3267 1199 3314 propter
1230 3262 1574 3301 nomenclaturam
1603 3261 1837 3312 plerumque

68 3337 366 3376 tut-vetustam
397 3342 467 3372 aut
496 3346 626 3372 raram
656 3337 696 3371 et
723 3336 888 3384 propter
917 3332 1153 3383 anaglypha.
1189 3347 1192 3351 ’

7 3394 26 3460 ,ζ’
56 3406 105 3427 *²⁹¹
126 3403 162 3443 E·
193 3402 342 3444 vicinia
376 3404 502 3442 Larae
538 3402 704 3442 accessit
738 3402 880 3442 titulus
916 3415 1024 3441 unus
1065 3399 1118 3455 (n.
1146 3399 1259 3454 158),
1300 3402 1369 3451 qui
1403 3399 1656 3439 Paesicorum
1696 3399 1838 3451 populi

69 3472 158 3513 eius
186 3471 363 3524 regionis
393 3471 626 3512 memoriam
655 3471 832 3522 aliquam
861 3472 1040 3511 servavit.
1092 3472 1140 3509 In
1170 3471 1374 3510 Calatorno
1404 3469 1685 3521 Nertobrigam
1714 3467 1838 3508 Celti-
