2216 3796
391 328 488 375 254
1202 339 1335 373 ACTA

388 467 426 504 p.
450 456 520 504 34)
550 448 648 506 ὕδωρ
677 447 910 492 στεινότατον
931 454 980 492 de
998 454 1157 494 Tiberis
1187 461 1300 504 parte
1320 454 1604 506 angustissima
1632 453 1877 503 interpretati
1903 457 2015 493 eunt:
2042 463 2087 493 re
2121 472 2154 497 ν,

389 523 440 570 hi,
473 527 515 560 ut
543 521 751 560 edocemur
770 523 884 561 novis
914 523 977 562 his
1006 523 1190 562 inventis.
1234 522 1411 561 Tiberim
1431 522 1547 569 enim,
1578 527 1774 571 quatenus
1795 521 1954 572 quidem
1982 532 2063 570 uno
2083 520 2123 560 d
2154 523 2155 526 ’

389 591 474 628 fluit
502 591 628 637 alveo,
657 591 980 640 angustissimum
1007 591 1133 630 fuisse
1162 592 1264 629 inter
1294 590 1336 630 S.
1357 591 1546 629 Iohannis
1571 590 1892 630 Florentinorum
1920 594 1962 628 et
1987 593 2162 641 panteni*

387 657 677 697 Ianiculensem
706 666 785 697 tam
815 665 973 698 nostrae
1002 660 1143 698 aetatis
1164 671 1283 709 quam
1303 659 1551 709 superiorum
1575 658 1822 697 saeculorum
1849 655 2164 709 formu‚inspi-›

390 727 506 765 cienti
542 731 662 776 patet.
723 725 828 774 Quid
858 727 962 777 quod
992 740 1070 766 non
1105 728 1223 779 longe
1254 729 1303 766 ab
1333 741 1380 766 eo
1410 728 1516 774 loco,
1555 727 1620 765 ubi
1656 727 1878 778 fragmenta
1905 729 2081 765 actorum
2109 725 2152 764 in*

391 807 490 844 opus
522 795 701 833 coniecta
730 802 990 844 emerserunt,
1027 797 1066 834 in
1100 797 1234 847 platea
1263 796 1416 835 scilicet
1446 795 1487 835 S.
1510 795 1661 834 Mariae
1689 795 1730 834 in
1749 793 1979 841 vallicella,
2014 792 2152 847 paucis
2163 790 2167 797 ²

390 862 532 900 abhinc
562 862 676 901 annis
711 869 890 913 repertae
919 871 1012 902 sunt
1045 864 1234 914 reliquiae
1266 877 1358 901 arae
1387 864 1557 915 ingentis
1593 868 1631 901 et
1662 862 1799 914 optimi
1828 861 1986 902 artificii
2016 850 2171 912 (Gatti

390 930 496 968 Ball.
520 943 660 969 caman.
685 930 787 969 1887
819 944 857 981 p.
881 931 971 969 276.
996 931 1092 979 2773
1123 932 1301 970 Huelsen
1322 931 1610 981 Mittheilunyen
1641 932 1705 969 des
1734 931 1827 969 rb‘m.
1847 930 2022 970 Iustinus
2046 928 2151 968 1889
2172 931 2200 984 3*

390 1012 428 1049 p.
453 998 570 1048 263),
606 1011 722 1048 quam
754 999 876 1038 sacris
910 1000 972 1038 his
1004 1000 1240 1038 destinatam
1270 1000 1391 1038 fuisse
1428 1000 1543 1038 facile
1579 999 1786 1049 suspicias.
1849 997 1930 1038 Sed
1956 1009 2007 1036 ea
2033 997 2083 1036 de
2110 1006 2156 1036 re

392 1080 486 1104 mox
514 1067 697 1105 uberiora
726 1067 975 1105 edocebimur
1001 1081 1025 1106 a
1043 1069 1128 1106 viro
1149 1068 1353 1106 Romanae
1383 1067 1669 1119 topographiae
1699 1079 1820 1116 supra
1846 1065 2198 1118 ederet-peritos}

390 1134 565 1172 Rodulfo
594 1133 826 1173 Lancianio.
2017 1172 2021 1176 .

502 1202 798 1241 Lustrationem
833 1203 996 1242 Tarenti
1039 1210 1132 1253 post
1170 1204 1396 1242 suffimenta
1434 1203 1525 1241 data
1562 1209 1601 1251 et
1644 1203 1777 1254 fruges
1819 1205 2023 1254 acceptas,
2066 1195 2202 1259 antej

392 1271 482 1321 ipsa
512 1283 625 1309 sacra
654 1278 877 1309 enarratam
906 1272 946 1309 in
977 1272 1076 1310 actis
1109 1271 1336 1311 Severianis
1367 1273 1548 1322 Augusta
1576 1284 1655 1309 non
1684 1270 1868 1310 videntur
1894 1269 2095 1310 hahuisse.
2198 1321 2201 1323 Β

505 1337 626 1377 Sacra
657 1339 798 1377 diurna
827 1347 905 1377 tam
936 1340 1064 1390 prima
1092 1340 1178 1377 Iovi
1208 1352 1325 1389 quam
1356 1339 1527 1377 secunda
1555 1339 1698 1377 Iunoni
1727 1339 1864 1378 oblata
1890 1339 1993 1378 fiunt
2017 1337 2060 1376 in
2080 1335 2157 1376 Ca·

393 1407 533 1457 pitolio
564 1407 620 1456 (v.
647 1407 708 1445 18.
733 1407 794 1445 79.
820 1408 883 1446 81.
910 1407 999 1445 103.
1025 1407 1133 1457 119),
1166 1408 1316 1445 scilicet
1345 1407 1395 1444 ad
1426 1407 1563 1445 aedem
1593 1407 1700 1445 Iovis
1731 1406 1870 1457 optimi
1899 1404 2062 1446 maximi
2089 1404 2156 1443 Iu·
2180 1447 2206 1456 ,Α

394 1475 488 1512 noni
517 1487 673 1525 quoque
702 1475 932 1513 dedicatam.
983 1476 1115 1526 Prope
1144 1488 1230 1513 eam
1261 1476 1311 1513 ad
1341 1475 1479 1514 aedem
1511 1473 1612 1524 Opis
1641 1475 1681 1512 in
1712 1468 1913 1525 Capitolio
1926 1473 1966 1525 ι)
1995 1467 2193 1530 congre-“5⁴

395 1549 538 1597 gantur
572 1546 778 1593 separatim
808 1557 833 1582 a
862 1546 990 1582 ceteris
1027 1550 1232 1582 matronae
1268 1544 1457 1594 puerique
1495 1543 1536 1580 in
1576 1543 1713 1587 sacris,
1735 1542 1927 1581 faciendis
1965 1541 2159 1592 occupati.
2184 1534 2191 1545 ”

397 1609 513 1658 Quod
550 1611 599 1649 ad
629 1624 743 1649 sacra
770 1612 975 1662 utriusque
1006 1612 1083 1649 diei
1117 1610 1157 1648 in
1192 1612 1271 1649 fine
1307 1610 1548 1661 adscriptum
1585 1616 1646 1649 est
1675 1623 1710 1648 v.
1736 1610 1826 1648 107.
1857 1609 1935 1648 132
1973 1610 2029 1649 ad
2062 1609 2202 1648 atal-

398 1679 474 1716 lam
492 1681 654 1729 suerunt
681 1679 933 1730 sequentibus
963 1679 1189 1717 nominibus
1212 1679 1383 1717 virorum
1413 1678 1694 1730 praesentium,
1726 1679 1763 1716 ei
1782 1679 1824 1716 in
1843 1677 1967 1717 sacris
1987 1677 2065 1717 diei
2085 1683 2162 1716 ter·
2188 1693 2200 1720 ς»

396 1746 441 1784 tii
470 1746 664 1785 Palatinis
695 1760 730 1784 v.
757 1746 833 1784 150
870 1747 1083 1797 respondet
1118 1747 1347 1785 subnotatio
1382 1748 1495 1785 haec:
1534 1745 1733 1797 XVvir(i)
1773 1747 1999 1797 adfitonmt,
2035 1757 2162 1796 neque
2182 1742 2207 1791 ³,

398 1814 557 1852 dubium
577 1821 639 1853 est
665 1815 795 1852 locum
826 1815 1042 1865 significari
1073 1816 1314 1854 adstantium
1342 1815 1392 1852 ad
1413 1828 1525 1853 sacra
1553 1814 1623 1852 illa
1644 1813 1874 1865 Capitolina
1902 1807 2203 1870 sacerdotum„¹

397 1882 532 1933 Ipsum
563 1883 796 1921 vocabulum
825 1883 919 1932 quid
950 1883 1190 1933 significaret
1219 1896 1306 1921 cum
1342 1882 1491 1921 frustra
1527 1878 1840 1933 quaesivissem,
1879 1879 2198 1924 admonuerunt*

397 1963 466 2000 per
494 1950 649 1989 litteras
671 1957 709 1989 et
728 1951 950 1989 Buecheler
978 1957 1018 1989 et
1038 1951 1334 2003 Zangemeister
1354 1951 1538 1989 vocabuli
1563 1952 1605 1989 in
1624 1964 1667 1989 re
1699 1962 1814 1989 sacra
1835 1949 1942 2001 apud
1961 1949 2166 1990 Romanos

397 2019 614 2068 antiquitus
646 2019 825 2070 usurpati
855 2020 962 2069 quod
992 2025 1051 2057 est
1080 2019 1263 2069 atana2)‚
1303 2033 1326 2057 a
1354 2032 1431 2070 quo
1463 2019 1586 2058 atalla
1615 2019 1838 2067 derivatum
1867 2018 1920 2057 sit
1947 2025 1993 2058 ut
2018 2018 2214 2064 corolla}

399 2100 423 2124 a
451 2099 609 2135 corona,
632 2087 790 2136 femella
820 2101 843 2125 a
870 2087 1029 2125 femina.
1088 2086 1343 2137 significatur
1373 2100 1419 2125 eo
1451 2087 1654 2126 vasculum
1686 2086 1882 2138 quoddam
1912 2085 1954 2125 in
1982 2098 2027 2125 re
2055 2080 2207 2132 sacra⁵⁵

399 2160 630 2205 usurpatum
662 2156 885 2205 poteritque
915 2167 993 2193 non
1024 2155 1107 2193 sine
1137 2156 1416 2205 probabilitate
1447 2155 1574 2193 conici
1605 2155 1654 2193 ab
1684 2168 1730 2193 eo
1750 2155 1879 2193 locum
1901 2153 2098 2204 quendam
2126 2143 2216 2211 init}

398 2222 504 2260 Iovis
535 2223 630 2261 aede
661 2235 804 2261 nomen
833 2223 1018 2261 traxisse.
1049 2245 1103 2250 —
1124 2223 1262 2261 Tertio
1293 2223 1357 2261 die
1387 2236 1471 2261 cum
1504 2235 1618 2261 sacra
1635 2223 1733 2261 fiant
1751 2223 1792 2261 in
1812 2221 1973 2261 Palatio
1993 2221 2050 2272 (v.
2071 2220 2167 2270 139)
2188 2206 2216 2259 ἶ

400 2290 450 2327 ad
478 2291 613 2329 aedem
636 2291 848 2340 Apollinis,
879 2304 927 2328 ea
947 2303 1103 2341 quoque
1131 2291 1172 2329 in
1195 2290 1433 2340 Capitolium
1454 2291 1704 2341 aliquatenus
1727 2289 1963 2342 perveniunt
1981 2283 2167 2340 (v.·148),
2196 2299 2216 2332 ria

402 2369 482 2408 qua
510 2359 602 2397 dere
630 2359 736 2397 infra
766 2359 928 2397 dicetur.
2210 2408 2211 2412 Ἰ

511 2427 699 2465 Adfuisse
729 2428 954 2465 sacerdotes
982 2427 1156 2477 reliquos
1186 2427 1503 2466 sacrificantibus
1526 2427 1689 2478 collegis
1719 2426 1958 2466 adscribitur
1977 2426 2027 2464 ad
2057 2436 2172 2464 sacra
2208 2447 2213 2457 ‹

401 2500 515 2533 terna
544 2495 696 2532 diurna.
755 2495 803 2532 In
834 2496 958 2532 sacris
995 2496 1116 2533 ternis
1152 2496 1353 2534 nocturnis
1383 2495 1588 2534 adnotatio
1623 2495 1891 2545 praesentium
1921 2493 2169 2534 sacerdotum
2195 2496 2216 2542 ὲ

402 2563 568 2600 aliorum
600 2563 740 2601 similis
769 2563 877 2601 nulla
906 2563 1109 2612 reperitur,
1147 2575 1386 2613 quamquam
1418 2565 1599 2613 Augusto
1637 2563 1679 2601 in
1714 2563 1775 2601 his
1804 2573 1963 2612 quoque
1992 2561 2170 2601 adfuisse
2207 2580 2212 2584 ·

401 2631 577 2681 collegas
614 2636 653 2669 et
689 2644 759 2682 per
795 2643 838 2669 se
875 2631 1081 2680 probabile
1114 2638 1175 2669 est
1210 2637 1249 2669 et
1283 2636 1452 2670 testatur
1488 2631 1671 2670 Zosimus
1709 2626 1826 2680 (μετὰ
1864 2629 1933 2668 τῶν
1967 2622 2171 2668 sanantur,
2197 2619 2216 2656 ἔ

404 2694 578 2753 ἆνδραῖν).

506 2902 536 2943 ¹)
577 2903 783 2936 Conferatur
809 2903 851 2935 de
878 2913 918 2935 ea
945 2904 1073 2936 Iordan
1098 2901 1129 2934 Τ
1127 2913 1243 2946 opoyr.
1267 2905 1297 2943 l,
1327 2904 1358 2943 2,
1386 2903 1444 2935 43.
1488 2902 1632 2935 Arvales
1658 2903 1692 2935 d.
1720 2903 1740 2936 9
1767 2902 1852 2936 Dec.
1873 2903 1920 2935 80
1944 2902 1981 2934 in
2001 2899 2170 2946 Capitolio

404 2965 440 2997 in
469 2964 580 2997 aedem
609 2963 692 3008 Opis
716 2968 943 2996 convenerunt.
2202 2959 2205 2967 ‘

507 3024 538 3066 2)
578 3026 735 3067 Nigidius
761 3026 853 3068 apud
877 3026 1033 3057 Nonium
1059 3037 1092 3067 p.
1113 3027 1175 3058 40:
1208 3036 1247 3057 ex
1277 3035 1313 3057 re
1345 3026 1381 3057 in
1413 3024 1596 3058 saliaribus
1623 3019 1775 3057 ‘attanus
1807 3023 1965 3065 (adtanas
1988 3023 2081 3064 libri)
2109 3014 2178 3055 tin·v
2196 3011 2216 3045 '¹¹⁴

407 3082 537 3126 tinnat',
571 3086 610 3118 id
634 3091 682 3119 est
707 3091 812 3119 sonat.
864 3087 984 3118 Festus
1011 3096 1063 3128 ep.
1090 3097 1123 3128 p.
1146 3088 1205 3119 18:
1241 3085 1432 3118 atkanulum
1458 3085 1685 3126 (atkanuuz‘um
1709 3086 1801 3127 libri)
1835 3090 1883 3118 est
1909 3084 2027 3130 poculi
2049 3083 2174 3128 fictilis
2201 3072 2216 3148 ιχ

407 3159 519 3191 yenus,
549 3159 610 3191 quo
629 3149 664 3180 in
681 3147 861 3191 sacrificiis
879 3146 1053 3179 utebantur
1071 3147 1260 3180 sacerdotes
1277 3147 1428 3180 Romani.
1469 3148 1613 3182 Glossae
1630 3148 1900 3180 Philoxenianae
1925 3157 1959 3189 p.
1979 3147 2024 3179 22
2043 3145 2171 3180 Goetz:
2196 3186 2197 3191 1
2213 3155 2216 3169 ³

406 3214 505 3242 atena
531 3204 618 3246 εἶδος
642 3205 799 3253 ποτηρίου
818 3198 995 3252 ὀστράκουῖ
1026 3199 1049 3249 ᾧ
1077 3207 1109 3240 οἱ
1133 3201 1300 3253 πρυτάνεις
1327 3207 1359 3240 ἐν
1377 3210 1449 3246 ταῖς
1478 3205 1617 3246 θυσίαις
1641 3206 1790 3254 χρῶνται
1816 3212 1849 3241 et
1866 3217 1967 3240 mox:
1995 3205 2174 3240 athanulus
2196 3190 2203 3201 ‘

408 3270 600 3310 (atnanulus
625 3270 723 3311 liber)
751 3260 844 3314 ἅγιον
872 3267 965 3314 ἱρὲως
988 3267 1114 3311 σκεῧος,
1142 3269 1321 3315 κειμήλιον.
1374 3271 1591 3303 Descendere
1618 3271 1751 3302 videtur
1776 3280 1797 3302 a
1822 3269 1956 3303 Graeco
1982 3269 2077 3302 cuiun
2101 3277 2173 3300 me·
2214 3267 2216 3270 ’

407 3332 506 3365 minit
530 3332 736 3374 Hesychius:
772 3323 892 3363 ἅττανα
921 3322 962 3361 wi
993 3329 1114 3375 τήγανα
1147 3331 1210 3372 (=
1238 3332 1392 3374 sartago)
1426 3329 1479 3364 καὶ
1512 3329 1658 3368 πλακοῦς
1685 3325 1702 3362 o‘
1728 3325 1783 3362 ἐπ’
1800 3324 1902 3362 αὐτῶν
1931 3320 2171 3375 σκευεζᾶμενος.

409 3393 551 3426 Glossae
578 3394 656 3426 illae
684 3393 748 3425 nisi
776 3393 909 3433 fallunt,
938 3397 971 3424 et
997 3397 1102 3424 atana
1128 3398 1159 3424 et
1186 3398 1307 3425 alanus
1332 3398 1365 3425 et
1391 3398 1524 3425 atanum
1548 3393 1630 3425 olim
1654 3393 1688 3425 in
1706 3402 1768 3425 usu
1793 3392 1930 3424 fuerunt
1949 3392 2095 3434 itemque
2113 3390 2172 3423 ἅθ’·

409 3455 574 3488 miilutiva
600 3460 667 3488 tam
695 3454 796 3486 atall-
823 3464 923 3497 quam
950 3454 1092 3495 atanul-‚
1119 3459 1156 3487 ut
1181 3456 1308 3497 pariter
1333 3455 1499 3496 reperitur
1524 3459 1556 3486 et
1581 3454 1718 3486 catillus
1744 3458 1778 3486 et
1803 3452 1979 3486 catinulue.
