2216 3796
682 339 921 374 LVDORVM
957 339 1322 374 SAEovLAmVM.
1795 325 1892 374 235

126 463 129 465 ’
191 453 268 506 μὴ
285 449 513 502 ὶμμινίντων
541 457 626 496 ταῖς
654 450 894 503 συνθήκαις,
930 452 1036 494 ἆλλιὲ
1065 451 1194 495 πυκνοὶ
1223 451 1571 504 μεταβαλλομένων
1599 449 1663 497 καὶ
1691 449 1896 503 πολεμοᾶνὸ

100 512 136 568 4
221 522 351 568 &offe
385 524 583 578 Sibyllam
620 524 814 564 cecinisse
848 522 1172 564 ἔπετελεσθεισώἵν
1208 527 1282 565 τῶν
1316 523 1485 582 θεωριῶν
1520 519 1664 566 τούτων
1699 521 1898 578 ὑποταγή-

100 587 124 602 “”
286 589 388 638 rede
421 591 656 646 &pammac
688 588 890 639 Λατίνους,
934 594 976 633 id
1012 595 1121 646 quod
1157 596 1413 636 confirmatur
1446 597 1537 676 ipso
1573 595 1762 635 carminis
1799 596 1896 635 fine:

91 710 118 723 ,ξ
171 659 270 704 ’σοι
293 656 412 703 πόσα
438 660 565 716 χθων
591 657 720 709 ’Ῑταλῆ
755 677 820 700 και
849 663 963 701 πᾶσα
990 658 1157 702 Λατίνων
1188 655 1266 701 αἷεν
1293 679 1367 703 υπο
1399 659 1640 720 σκῆπτροισιν
1667 658 1898 716 ἐπαυχένιον

95 729 237 786 -uqc'v
262 725 410 789 seul).
453 732 650 771 Ducimur
677 731 735 770 ita
762 731 812 770 ad
840 731 938 771 belli
960 731 1092 771 Italici
1122 733 1301 772 exordia.
1347 733 1433 772 Iam
1462 734 1528 773 ubi
1558 733 1898 784 circumspicimus

154 814 229 843 ιο
249 802 306 843 de
325 801 432 841 ludis
461 800 733 840 saecularibus
762 801 848 839 sive
877 801 984 840 veris
1016 801 1098 840 sive
1127 801 1284 840 ficticiis
1315 802 1462 842 tradita
1490 803 1702 850 habemus,
1740 815 1900 842 carmen

95 813 133 919 ’3,
184 869 308 911 nullis
337 883 474 910 eorum
502 868 690 909 convenit
718 869 797 908 nisi
826 870 878 908 iis
908 870 976 920 qui
1007 869 1194 909 dicuntur
1213 871 1311 909 editi
1336 883 1426 910 esse
1457 885 1563 911 anno
1592 885 1628 910 u.
1651 885 1683 910 c.
1706 870 1800 920 628,
1831 872 1900 922 qui

99 947 143 986 ,5-
175 939 300 981 xime
328 938 551 992 praecessit
579 951 668 977 eum
698 950 777 989 quo
802 937 1036 977 Italicorum
1065 939 1160 978 urbs
1190 939 1381 990 primaria
1399 940 1608 992 Fregellae
1638 947 1778 992 captae
1809 946 1902 979 sunt

88 1029 143 1058 *s
184 1007 353 1048 ilii-utne.
412 1006 594 1057 Quocum
623 1006 865 1059 iungendum
896 1012 974 1055 est,
1011 1007 1118 1057 quod
1153 1007 1321 1047 alterum
1353 1019 1476 1059 supra
1504 1011 1666 1048 citatum
1697 1009 1901 1047 oraculum

150 1097 171 1112 ιι
210 1090 275 1117 ιι·
294 1088 385 1117 esse
413 1076 558 1116 dicitur
585 1081 750 1128 propter
779 1075 1056 1127 androgynum
1087 1082 1223 1115 natum
1256 1090 1362 1116 anno
1392 1078 1481 1128 ipso
1510 1083 1716 1129 captarum
1739 1077 1901 1129 Fregel-

98 1138 131 1202 J*
171 1158 276 1188 πων.
316 1145 384 1186 ΔΙ)
413 1155 461 1185 eo
490 1145 611 1197 igitur
639 1157 746 1183 anno
774 1144 843 1195 qui
872 1157 1030 1184 carmen
1064 1145 1166 1184 illud
1197 1147 1424 1197 composuit
1453 1147 1656 1185 saeculum
1686 1158 1802 1185 suum
1832 1160 1902 1185 an·

72 1209 260 1270 ‘sami-usn
290 1212 366 1255 ΟΧ
393 1213 561 1254 deduxit
586 1218 638 1262 et,
669 1213 704 1253 si
734 1213 774 1252 id
804 1227 893 1253 cum
923 1215 1201 1267 palingenesia
1230 1227 1426 1254 annorum
1449 1214 1671 1255 CCCCXL
1697 1215 1906 1254 coniunxit

90 1272 391 1327 fers-mulum
417 1283 491 1323 illo
510 1295 616 1322 anno
645 1282 837 1334 incipiens
866 1284 952 1322 eius
982 1284 1136 1335 periodi
1167 1288 1353 1335 quartum
1382 1284 1488 1331 fecit,
1519 1285 1720 1323 cardinem
1749 1285 1905 1335 periodi

79 1350 93 1356 ”
114 1365 269 1407 m
294 1360 388 1392 esse
416 1351 546 1392 voluit
573 1366 612 1391 u.
633 1364 666 1390 c.
690 1352 790 1399 298,
827 1357 917 1391 ante
948 1351 1042 1392 Chr.
1064 1353 1164 1392 456:
1203 1365 1307 1404 quae
1338 1353 1472 1403 opinio
1504 1358 1547 1391 ut
1575 1357 1706 1392 aetate
1734 1352 1903 1404 impera·

73 1419 496 1478 ’ς’,ίοιίιοδῒίηαίεἳχ
526 1421 592 1460 vita
625 1420 831 1471 probabile
861 1426 923 1460 est
957 1422 1007 1460 ad
1042 1423 1174 1472 ipsum
1211 1421 1332 1460 huius
1363 1422 1573 1461 commenti
1605 1427 1806 1460 auctorem
1843 1435 1903 1460 re-

75 1489 250 1546 ᾆξ’ἆὶεῠ.
256 1489 365 1530 Nec
376 1495 483 1530 recte
511 1495 745 1541 opponetur,
776 1489 883 1540 quod
913 1491 1006 1529 anni
1036 1490 1093 1528 illi
1123 1491 1164 1529 in
1193 1503 1326 1529 rerum
1356 1496 1557 1543 gestarum
1583 1491 1776 1530 memoria
1794 1491 1904 1529 nullo

73 1558 246 1605 modo
262 1555 506 1610 eminent³)‚
535 1571 627 1598 nam
656 1559 751 1609 quid
780 1564 940 1598 secutus
970 1559 1023 1598 sit
1050 1560 1120 1610 qui
1149 1559 1343 1598 eiusmodi
1373 1560 1632 1599 ariolationes
1662 1560 1907 1611 excogitavit

71 1623 352 1670 chaldaeus
382 1625 565 1668 Graecae
599 1628 729 1679 magis
765 1627 934 1680 originis
970 1641 1089 1678 quam
1119 1626 1309 1676 Latinae,
1348 1628 1390 1667 id
1425 1629 1543 1668 hodie
1578 1629 1754 1680 ignorari
1788 1641 1904 1668 nemo

64 1736 98 1765 ,⁵
69 1678 329 1754 ””ωἰι’ί1)ἰῐιιι·
355 1696 436 1736 nisi
464 1702 507 1736 et
530 1697 620 1747 ipse
649 1701 781 1735 sectae
811 1694 1055 1736 Chaldaeae.
1108 1696 1393 1748 Palingenesia
1420 1698 1493 1736 illa
1522 1703 1562 1736 et
1590 1698 1754 1737 saecula
1782 1709 1903 1736 anno-

74 1770 81 1779 ”
120 1778 212 1809 rum
231 1770 487 1806 centenorum
508 1765 701 1804 denorum
722 1766 881 1817 quando
902 1771 997 1804 nata
1027 1765 1119 1813 sint,
1150 1766 1362 1814 nescimus,
1393 1779 1466 1805 nec
1487 1766 1743 1805 determinari
1772 1771 1907 1818 potest

64 1818 474 1908 sspseudopropheta
499 1834 583 1881 ille,
612 1835 726 1874 cuius
757 1835 832 1873 hoc
862 1840 924 1873 est
952 1840 1228 1882 commentum,
1261 1842 1391 1873 utrum
1421 1834 1460 1874 id
1490 1836 1532 1874 in
1552 1836 1698 1887 vulgus
1727 1835 1907 1874 emiserit

63 1880 215 1974 :X'jl’w
244 1916 350 1944 anno
369 1903 465 1944 belli
493 1903 624 1943 civilis
645 1903 889 1955 Fregellani,
921 1916 1041 1942 caeca
1068 1903 1146 1942 fide
1175 1915 1341 1955 sperans
1372 1904 1478 1943 ludis
1508 1905 1590 1943 illis
1612 1904 1774 1943 edendis
1798 1904 1908 1942 mala

64 1967 283 2029 publica
310 1972 450 2021 averti,
480 1985 531 2012 an
559 1973 781 2024 posteriore
811 1978 989 2025 tempore
1012 1973 1189 2013 scribens
1212 1971 1408 2025 Sibyllam
1438 1973 1601 2012 finxerit
1628 1973 1685 2012 ita
1714 1973 1908 2012 cecinisse

121 2188 224 2224 ludos
246 2187 377 2223 alteros
401 2187 554 2221 visurum
571 2196 671 2227 csse,
705 2187 766 2220 sed
799 2187 971 2222 civitatem
996 2188 1191 2222 Romanam
1219 2197 1338 2221 eorum
1364 2196 1553 2221 memorem
1587 2196 1721 2230 semper
1746 2186 1908 2220 futuram.

121 2250 170 2291 ,Va
185 2251 208 2285 9
238 2250 370 2294 requiri
395 2244 449 2283 lul
471 2250 568 2282 ταῒσι
594 2243 632 2281 δ’
655 2243 859 2287 Ἐλειθυίας
887 2244 1087 2295 ἀρέσασθαι
1119 2261 1183 2294 pro
1210 2247 1262 2282 ἐπὶ
1286 2252 1360 2287 ταῖς
1387 2245 1426 2282 δ’
1446 2245 1653 2287 Εἰλειθυίας
1680 2244 1732 2294 ἐρ.
1763 2250 1808 2282 ad
1834 2259 1910 2283 cae·

123 2321 240 2348 um
264 2316 358 2346 recto
382 2311 625 2346 ordinandam.
663 2311 720 2345 De
746 2323 777 2345 v·
794 2312 838 2346 18
866 2313 945 2346 vide
971 2323 1060 2356 quae
1086 2314 1250 2347 adnotavi
1276 2324 1309 2356 p.
1331 2311 1401 2345 263
1429 2315 1501 2345 not.
1524 2313 1563 2353 13
1591 2312 1634 2344 de
1659 2322 1691 2345 V.
1712 2312 1755 2345 31
1783 2323 1817 2355 p.
1838 2312 1908 2346 263

122 2378 197 2414 not·
215 2375 249 2410 ³.

225 2434 258 2478 ι)
298 2437 396 2470 Haec
420 2446 508 2480 qnae
533 2437 636 2480 plane
661 2438 870 2480 respondent
895 2438 1115 2472 Sallustianis
1143 2438 1231 2481 <Iug-
1251 2438 1310 2479 40,
1341 2437 1375 2478 2)
1402 2436 1548 2470 homines
1574 2437 1716 2469 nominis
1733 2434 1856 2470 Latini
1881 2441 1912 2470 et

90 2508 102 2541 ³.
122 2499 211 2537 Ιοοίἰ
234 2498 355 2534 Italici
384 2498 442 2539 (cf.
465 2497 678 2532 staatmckt
703 2500 736 2540 3,
765 2499 849 2541 661)
884 2504 962 2543 post
986 2501 1115 2533 bellum
1143 2501 1270 2534 sociale
1295 2510 1366 2532 non
1392 2499 1520 2532 habent
1546 2508 1614 2542 quo
1640 2503 1732 2532 recte
1758 2499 1910 2532 referan-

84 2566 89 2587 ·,
123 2566 190 2606 tur,
215 2561 348 2596 habent
370 2561 459 2594 adeo
485 2561 669 2595 offensam:
697 2571 777 2595 nam
802 2563 941 2596 Italiam
964 2564 1176 2606 Latinosque
1203 2563 1265 2595 sub
1292 2563 1374 2605 iugo
1393 2562 1628 2595 Romanorum
1653 2571 1727 2594 esse
1753 2566 1826 2595 tum
1851 2571 1910 2594 ne-

60 2631 62 2634 ’
84 2615 101 2652 '1⁵
125 2633 193 2672 ‚qne
217 2634 336 2658 verum
362 2627 437 2657 erat
467 2633 579 2667 neque
604 2623 714 2657 civile.
765 2625 888 2668 Neque
922 2625 1111 2668 perspicio,
1148 2625 1270 2668 quibus
1302 2623 1494 2657 rationibus
1519 2628 1632 2656 motus
1658 2623 1812 2657 Dielsius
1838 2624 1861 2656 1.
1881 2634 1910 2656 c.

124 2694 160 2733 ῃ.
181 2687 229 2720 14
252 2685 455 2730 Phlegontis
480 2686 628 2719 exordio
653 2686 755 2719 fidem
783 2687 941 2730 deneget.
994 2687 1146 2721 Omnino
1173 2697 1311 2720 carmen
1338 2686 1442 2720 scribi
1468 2696 1539 2719 non
1570 2686 1681 2729 potuit
1706 2686 1774 2718 nisi
1800 2685 1843 2718 ab
1871 2696 1911 2719 eo

127 2750 188 2794 qui
216 2753 277 2782 aut
299 2748 431 2792 viveret
462 2752 543 2781 ante
569 2748 742 2781 civitatem
768 2748 865 2783 Italis
891 2749 1050 2783 omnibus
1077 2759 1275 2783 concessam
1309 2754 1369 2783 aut
1400 2759 1441 2782 eo
1469 2753 1624 2791 tempore
1650 2748 1765 2781 vivere
1799 2758 1835 2781 se
1867 2748 1910 2780 si-

59 2799 98 2864 ’ᾗ
124 2810 283 2849 aulai-et.

158 2920 162 2921 ξ
194 2896 198 2902 .
229 2871 264 2915 ²)
303 2872 525 2914 Censorinus,
552 2873 611 2915 qui
637 2873 772 2916 scripsit
797 2885 828 2907 a.
849 2874 931 2915 238,
958 2875 1036 2907 loco
1063 2874 1184 2907 mutilo
1214 2875 1270 2915 17,
1293 2875 1355 2906 10:
1390 2897 1546 2906 .......
1579 2873 1748 2905 institutos
1773 2882 1842 2905 esse
1869 2871 1915 2904 ad

110 2923 347 2977 ⁹*XAVvirosmm
379 2934 631 2968 commentarios
663 2945 749 2968 anno
782 2933 1009 2969 CCXCVIII
1036 2935 1086 2969 Μ
1112 2933 1247 2968 Valerio
1281 2933 1405 2979 Spurio
1438 2933 1597 2979 Verqinio
1632 2945 1699 2968 cos.
1751 2936 1842 2967 Vere
1878 2935 1913 2967 in

128 2997 364 3032 commentarii
390 2997 570 3032 Severiani
595 2998 743 3030 exordio
770 2999 851 3031 item
878 2999 999 3031 mutilo
1033 3002 1270 3031 remanserunt
1295 2998 1401 3031 verba
1426 2997 1511 3030 haec
1539 2997 1594 3038 (fr.
1616 2998 1635 3029 l
1664 3007 1694 3030 V.
1717 2995 1794 3038 14):
1828 3020 1837 3029 .
1852 3021 1860 3029 .
1878 3020 1887 3029 .
1903 3020 1912 3030 .

129 3057 227 3104 [per]
251 3058 432 3103 maqieeros
457 3058 582 3103 colleyi
604 3057 654 3092 Μ.
680 3057 820 3092 Valerio
848 3058 975 3105 Spurio
1000 3057 1208 3104 Ve[rq]in[io
1236 3070 1302 3093 cos.
1331 3058 1543 3101 institutum}

230 3118 264 3162 ⁸)
303 3120 406 3155 Certe
436 3121 652 3164 expectanda
683 3121 750 3154 fuit
781 3122 824 3154 de
854 3122 979 3155 horum
1012 3122 1224 3155 saeculorum
1259 3122 1392 3164 origine
1426 3122 1579 3154 narratio
1608 3121 1726 3164 aliqua
1756 3121 1916 3154 fabulosa

128 3183 364 3227 comparanda
395 3183 444 3225 ei,
478 3193 580 3227 quam
607 3183 694 3216 vivis
726 3183 899 3217 coloribus
930 3184 1170 3217 adumbratam
1203 3184 1344 3217 annales
1379 3188 1577 3227 proponunt
1608 3183 1650 3216 de
1684 3183 1915 3216 saecularibus

127 3244 205 3279 Diti
230 3249 266 3278 et
281 3244 511 3289 Proserpinae
537 3245 654 3278 sacris.
694 3245 765 3280 Sed
792 3255 835 3279 ne
860 3245 1026 3289 reliquiae
1044 3246 1182 3289 quidem
1201 3250 1356 3279 aetorum
1376 3245 1640 3280 Severianorum
1666 3246 1749 3279 talia
1775 3245 1914 3287 habent,

51 3315 91 3343 ’,
129 3315 336 3352 quamquam
361 3307 498 3341 XVviri
530 3307 623 3350 apud
649 3312 804 3341 senatum
830 3308 872 3340 de
899 3308 1032 3351 origine
1063 3308 1224 3341 ludorum
1258 3312 1363 3351 agunt
1394 3309 1618 3351 legunturque
1649 3308 1697 3340 ibi
1730 3308 1821 3340 inter
1846 3308 1916 3342 alia

44 3357 72 3415 j155³
89 3405 94 3419 2
127 3355 215 3403 Buce
238 3366 296 3410 (fr.
313 3369 332 3402 1
351 3380 384 3404 V.
402 3369 481 3411 15):
511 3368 743 3414 [temporibus
762 3368 836 3412 [ab]
856 3370 986 3414 oriyine
1006 3367 1267 3411 sescenten[simi
1283 3374 1316 3403 et
1332 3369 1570 3414 s]eoeayensimi
1590 3370 1682 3410 anni,
1711 3374 1794 3413 quot
1810 3370 1916 3411 inter-

46 3479 48 3483 7
130 3429 256 3464 cedunt
287 3431 378 3465 inter
409 3441 441 3466 a.
467 3442 501 3465 u.
530 3442 559 3465 c.
588 3432 656 3466 298
692 3431 910 3466 conditorum
942 3431 1067 3466 horum
1099 3432 1260 3466 ludorum
1293 3437 1327 3465 et
1358 3443 1392 3465 u.
1419 3443 1448 3466 c.
1477 3432 1546 3466 957
1574 3432 1734 3466 ludorum
1760 3432 1915 3468 Severia-

31 3500 63 3533 >5
133 3501 268 3526 norum.
