2216 3796
406 335 503 382 454
1086 347 1199 380 VIAE
1233 346 1465 380 PVBLICAE

402 473 488 523 ipse
523 471 618 511 satis
648 470 868 519 intellexit3
901 471 971 509 sed
1004 473 1138 510 tamen
1173 471 1401 522 exemplum
1436 470 1576 510 statuit
1609 471 1913 521 investigatione
1955 472 2149 524 pertinaci

402 543 569 593 illustre,
601 541 707 590 quod
737 523 941 590 speramus
971 541 1055 578 fore
1085 544 1130 578 ut
1159 539 1397 579 imitandum
1427 539 1504 578 sibi
1539 546 1697 579 sumant
1730 554 1862 595 rerum
1897 541 2148 593 antiquarum
2206 543 2207 546 ’

403 609 574 650 studiosi
594 607 777 647 Lusitani
798 612 836 647 et
859 608 1044 660 Hispani.
1095 608 1270 660 Insignis
1300 609 1407 647 enim
1435 611 1533 650 haec
1562 608 1824 649 miliariorum
1853 611 2016 664 sylloge,
2047 625 2148 662 quae

402 681 622 718 luculenter
662 679 925 730 demonstrat,
964 682 1152 728 quantam
1192 691 1326 717 curam
1355 677 1430 716 viis
1465 677 1548 716 illis
1579 679 1803 718 sternendis
1833 679 2026 730 augendis
2055 693 2149 719 con-

403 748 606 788 servandis
635 747 903 798 impenderint
931 747 1188 798 imperatores
1219 748 1266 786 ab
1297 749 1481 797 Augusto
1518 749 1567 786 ad
1597 747 1940 802 Valentinianum,
1979 750 2148 789 fortasse

402 822 446 856 ut
466 817 694 856 fodinarum
714 817 984 855 Callaecarum
1004 820 1220 867 proventus
1240 816 1400 855 facilius
1420 818 1585 855 Portum
1605 817 1746 856 devehi
1764 821 1939 871 possent,
1964 818 2148 870 Capellae

403 901 496 926 cura
525 886 814 925 incrementum
844 885 996 937 accepit
1023 898 1215 936 perquam
1243 889 1411 936 gratum.

779 1119 811 1158 Ι.
843 1118 939 1158 VIA
968 1118 1230 1156 BRACARA
1260 1118 1589 1156 OLISIPONEM
1617 1131 1656 1168 p.
1679 1119 1774 1157 993.

402 1237 440 1262 n.
474 1225 584 1262 4736
627 1223 748 1261 Extat
786 1221 861 1274 ibi,
903 1235 953 1260 na
986 1221 1126 1266 Quinta
1155 1221 1201 1258 do
1231 1220 1364 1274 Paifo,
1409 1225 1433 1260 ά
1465 1221 1642 1274 Οαννίφα,
1686 1221 1834 1261 estrada
1869 1221 1914 1273 des
1943 1222 2076 1274 Braqa
2104 1236 2150 1262 ao

458 1292 595 1342 Port03
628 1292 767 1343 cippus
798 1292 902 1330 altus
931 1304 982 1330 m.
1020 1293 1127 1343 1.12‚
1160 1291 1331 1330 ambitus
1366 1293 1472 1344 1.94,
1503 1291 1648 1330 litteris
1678 1290 1770 1330 altis
1801 1293 1911 1344 0.11,
1942 1291 2113 1331 intactis.

518 1362 680 1413 Capella
717 1361 915 1400 milliarios
950 1374 989 1411 p.
1018 1362 1094 1398 132
1125 1374 1161 1410 q.
1184 1374 1220 1399 v.
1260 1365 1298 1399 et
1334 1361 1498 1399 adnotat
1532 1374 1567 1399 v.
1603 1363 1627 1399 4
1666 1363 1763 1399 extr.
1801 1373 1885 1400 non
1922 1372 2042 1414 xvm,
2081 1362 2152 1400 sed

459 1443 543 1471 xvn
575 1438 728 1482 extare,
763 1444 891 1469 errore
923 1429 1182 1480 quadratarii;
1222 1443 1315 1469 nam
1344 1442 1443 1469 xvm
1472 1430 1536 1468 vel
1565 1442 1652 1469 xux
1683 1433 1744 1469 est
1772 1429 1816 1468 in
1851 1429 2013 1479 reliquis
2042 1430 2152 1469 mili-

459 1501 553 1539 ariis
582 1499 780 1539 Hadriani
810 1498 897 1538 eius
927 1499 1022 1537 anni
1051 1495 1249 1553 134]1357
1281 1499 1351 1549 qui
1381 1500 1429 1539 ad
1460 1500 1562 1538 hanc
1591 1498 1698 1538 viam
1725 1498 1928 1550 pertinent
1955 1513 1995 1538 ιι.
2024 1501 2149 1539 4735.

460 1572 585 1609 4737.
617 1570 742 1608 4738.

404 1652 512 1689 4740
555 1651 676 1688 Extat
696 1649 824 1688 divisa
848 1649 892 1686 in
915 1652 1046 1699 partes
1068 1650 1166 1687 duas
1191 1648 1232 1689 in
1256 1649 1419 1688 aedibus
1448 1649 1612 1701 parochi
1631 1650 1675 1688 de
1694 1649 1806 1688 Sant'
1829 1649 1927 1702 Jaqo
1947 1650 1992 1689 de
2011 1649 2147 1703 Antan,

459 1734 507 1758 no
538 1720 715 1766 terream
746 1732 801 1757 em
819 1720 953 1771 fronte
982 1718 1028 1756 do
1052 1717 1197 1769 Ρονίᾶο
1227 1733 1294 1772 que
1324 1720 1369 1758 clo
1399 1720 1492 1758 adro
1521 1720 1572 1758 dd
1594 1733 1699 1769 para
1728 1733 1750 1758 o
1779 1719 1963 1760 ter-reiro..

519 1789 681 1839 Capella
708 1787 907 1826 milliarios
936 1801 975 1838 p.
1004 1789 1079 1826 149
1112 1789 1306 1826 detectam
1336 1802 1359 1826 a
1388 1787 1599 1827 Francisco
1629 1787 1802 1828 Martius
1831 1789 2050 1842 Sarmento,
2082 1789 2154 1840 qui

458 1866 562 1900 recte
604 1859 826 1899 observavit
862 1858 1050 1908 reliquias
1089 1859 1253 1899 miseras
1294 1860 1502 1899 columnae
1539 1873 1620 1899 non
1658 1873 1776 1911 posse
1813 1859 1952 1901 referri
1985 1860 2065 1903 nisi
2101 1863 2152 1901 ad

461 1944 500 1969 n.
535 1932 659 1968 4740.

403 2016 512 2052 4742
536 2030 591 2046 =
615 2015 724 2053 6209
766 2014 888 2052 Extat
916 2027 964 2052 no
996 2014 1103 2065 loqar
1132 2013 1181 2052 da
1215 2014 1335 2066 Trqfa
1363 2013 1485 2064 velha3
1518 2014 1703 2052 columna
1733 2014 1812 2053 alta
1840 2027 1893 2054 m.
1926 2015 2035 2067 2.11,
2067 2027 2151 2053 am-

457 2083 565 2122 bitus
602 2084 705 2134 1.55‚
738 2082 880 2121 litteris
913 2084 1007 2122 0.09
1040 2083 1167 2134 malis,
1199 2083 1490 2135 inaequalibus,
1522 2083 1626 2121 male
1657 2082 1873 2122 collocatis.

517 2153 680 2202 Capella
709 2151 908 2191 milliarios
935 2166 973 2202 p.
999 2153 1080 2190 226
1104 2166 1139 2202 q.
1163 2165 1199 2191 v.
1251 2153 1488 2203 Exemplum
1518 2152 1605 2191 eius
1635 2165 1726 2191 cum
1760 2152 1958 2192 Sarmenti
1987 2152 2150 2192 omnino

461 2221 657 2260 convenit.
718 2223 767 2260 V.
794 2223 815 2258 5
847 2232 1005 2260 Acme-M
1036 2221 1208 2273 exhibet,
1242 2232 1292 2260 cr
1322 2221 1365 2259 in
1394 2234 1521 2260 unum
1552 2220 1727 2261 conexis.

404 2304 526 2341 4744.
559 2303 670 2340 4745
713 2301 917 2340 Pertinent
948 2303 998 2340 ad
1027 2301 1132 2341 viam
1161 2303 1329 2341 Bracara
1358 2303 1502 2354 Tudas,
1535 2301 1641 2341 infra
1670 2315 1753 2353 cap.
1777 2303 1846 2356 VI,
1878 2316 2006 2342 errore
2036 2317 2060 2342 a
2088 2304 2151 2343 me

459 2371 555 2410 olim
583 2371 649 2409 hic
679 2371 863 2410 collocati
892 2375 1052 2422 propter
1081 2371 1206 2411 Antas
1236 2385 1383 2410 nomen
1414 2371 1572 2421 saepius
1603 2384 1824 2412 occurrens.
1887 2373 1949 2412 Cf.
1980 2386 2020 2412 n.
2053 2374 2149 2413 245.

404 2455 512 2493 6210
555 2453 675 2491 Extat
704 2465 827 2502 prope
857 2452 1068 2491 ecclesiam
1097 2453 1140 2491 de
1169 2452 1320 2505 Freixo,
1352 2452 1566 2491 Mareade
1599 2452 1811 2492 Oanavezes.

516 2523 678 2573 Capella
706 2521 907 2560 milliarios
935 2536 973 2572 p.
998 2524 1078 2560 247
1112 2522 1182 2572 qui
1211 2535 1292 2561 non
1322 2521 1434 2574 vidit,
1467 2523 1538 2561 sed
1568 2522 1722 2573 accepit
1749 2536 1773 2561 a
1802 2524 2019 2563 Sarmento.

404 2605 511 2642 6213
555 2605 676 2641 Extat
703 2617 751 2641 no
781 2602 864 2641 sitio
894 2603 942 2641 da
976 2602 1011 2640 T
1005 2604 1094 2655 rofa
1128 2602 1250 2655 velha,
1292 2609 1394 2642 antes
1433 2603 1480 2641 do
1519 2604 1626 2654 loqur·
1655 2603 1699 2642 de
1726 2601 1913 2656 Antomil,
1956 2604 2148 2658 Bouyado,

459 2673 597 2711 Sancto
632 2672 795 2723 Thyrso;
825 2672 1010 2711 columna
1039 2672 1119 2711 alta
1148 2686 1200 2711 m.
1227 2674 1305 2726 1.4,
1338 2672 1521 2712 diametri
1553 2673 1662 2724 0.53,
1693 2672 1837 2711 litteris
1867 2672 1957 2712 altis
1986 2686 2039 2713 m.
2067 2676 2147 2713 0.1.

516 2742 678 2792 Capella
707 2742 902 2781 milliarios
931 2755 968 2792 p.
994 2743 1072 2780 221
1098 2755 1134 2791 q.
1157 2755 1194 2781 v.
1227 2746 1266 2780 et
1295 2742 1427 2792 lapide
1457 2741 1617 2792 saepius
1646 2746 1826 2781 accurate
1855 2741 2033 2792 inspecto
2062 2757 2098 2782 v.
2127 2745 2145 2782 1

462 2823 533 2850 FLA
564 2824 722 2863 nomen,
755 2825 792 2851 V.
814 2813 849 2849 3.
875 2813 899 2849 4
931 2821 1083 2851 L1c1N10
1110 2807 1118 2865 Ι
1145 2822 1355 2851 L1C1N1ANO
1387 2810 1567 2862 pleniora
1595 2810 1694 2851 vidit
1723 2824 1842 2861 quam
1871 2812 2089 2852 Sarmento.

403 2946 493 2990 205
535 2949 574 2987 S.
599 2949 722 2987 Pedro
743 2949 786 2986 de
807 2948 956 3000 Λυίόεο,
991 2947 1115 3000 Maia,
1148 2949 1199 2986 ad
1227 2948 1448 2998 marginem
1466 2948 1554 2987 viae
1574 2950 1741 2988 Bracara
1759 2950 1934 3002 Portum,
1966 2949 2151 2989 columna

458 3020 570 3059 rudis
601 3021 680 3059 alta
709 3034 760 3060 m.
798 3023 875 3073 1.7,
914 3020 1085 3059 ambitus
1117 3021 1231 3073 2.05,
1270 3019 1413 3059 litteris
1444 3020 1535 3060 altis
1567 3022 1681 3073 0.12,
1713 3021 1926 3060 admodum
1955 3020 2146 3060 evanidis.

1135 3181 1501 3209 ..CA1·P....

1091 3250 1291 3278 AVGPM

1064 3320 1172 3348 ...11
1203 3317 1450 3347 cosi...

518 3469 681 3520 Capella
709 3468 906 3508 milliarios
934 3482 973 3520 p.
999 3470 1075 3507 251
1102 3483 1138 3519 q.
1161 3482 1217 3521 v.,
1252 3470 1321 3508 sed
1351 3468 1531 3519 exemplo
1563 3481 1634 3507 suo
1665 3467 1821 3508 diffidit.
