<?xml version="1.0" encoding="UTF-8"?>
<!DOCTYPE html PUBLIC "-//W3C//DTD XHTML 1.0 Transitional//EN"
    "http://www.w3.org/TR/xhtml1/DTD/xhtml1-transitional.dtd">
<html xmlns="http://www.w3.org/1999/xhtml" xml:lang="en" lang="en">
 <head>
  <title>
</title>
<meta http-equiv="Content-Type" content="text/html;charset=utf-8" />
  <meta name='ocr-system' content='tesseract 3.04.00' />
  <meta name='ocr-capabilities' content='ocr_page ocr_carea ocr_par ocr_line ocrx_word'/>
</head>
<body>
  <div class='ocr_page' id='page_1' title='image "./ephemerisepigrap08deutuoft_0214.png"; bbox 0 0 2216 3796; ppageno 0'>
   <div class='ocr_carea' id='block_1_1' title="bbox 2063 0 2216 594">
    <p class='ocr_par' dir='ltr' id='par_1_1' title="bbox 2063 0 2216 594">
     <span class='ocr_line' id='line_1_1' title="bbox 2063 0 2216 447; baseline 0 0"><span class='ocrx_word' id='word_1_1' title='bbox 2063 0 2216 447; x_wconf 95' lang='lat' dir='ltr'><strong>  </strong></span> 
     </span>
     <span class='ocr_line' id='line_1_2' title="bbox 2193 447 2216 594; baseline 0 3202"><span class='ocrx_word' id='word_1_2' title='bbox 2193 447 2216 594; x_wconf 95' lang='lat' dir='ltr'><strong> </strong></span> 
     </span>
    </p>
   </div>
   <div class='ocr_carea' id='block_1_2' title="bbox 395 296 2192 373">
    <p class='ocr_par' dir='ltr' id='par_1_2' title="bbox 395 296 2192 373">
     <span class='ocr_line' id='line_1_3' title="bbox 395 296 2192 373; baseline 0.003 -21"><span class='ocrx_word' id='word_1_3' title='bbox 395 305 492 353; x_wconf 79' lang='lat'><strong>204</strong></span> <span class='ocrx_word' id='word_1_4' title='bbox 1004 315 1027 336; x_wconf 47' lang='grc' dir='ltr'><strong>κ’</strong></span> <span class='ocrx_word' id='word_1_5' title='bbox 1122 315 1409 352; x_wconf 80' lang='lat' dir='ltr'>AVCTARIVM</span> <span class='ocrx_word' id='word_1_6' title='bbox 1980 319 2152 358; x_wconf 66' lang='lat' dir='ltr'><strong>swan</strong></span> <span class='ocrx_word' id='word_1_7' title='bbox 2172 296 2192 373; x_wconf 51' lang='grc' dir='ltr'><strong>ς,</strong></span> 
     </span>
    </p>
   </div>
   <div class='ocr_carea' id='block_1_3' title="bbox 392 414 2199 618">
    <p class='ocr_par' dir='ltr' id='par_1_3' title="bbox 392 414 2199 618">
     <span class='ocr_line' id='line_1_4' title="bbox 392 414 2191 484; baseline 0.002 -13"><span class='ocrx_word' id='word_1_8' title='bbox 392 431 478 472; x_wconf 83' lang='grc'><strong>814</strong></span> <span class='ocrx_word' id='word_1_9' title='bbox 507 433 557 471; x_wconf 88' lang='lat' dir='ltr'><strong>ad</strong></span> <span class='ocrx_word' id='word_1_10' title='bbox 593 431 639 471; x_wconf 84' lang='lat' dir='ltr'><strong>O.</strong></span> <span class='ocrx_word' id='word_1_11' title='bbox 675 414 711 470; x_wconf 76' lang='lat' dir='ltr'><strong>n.</strong></span> <span class='ocrx_word' id='word_1_12' title='bbox 735 430 854 471; x_wconf 86' lang='lat'><strong>2053.</strong></span> <span class='ocrx_word' id='word_1_13' title='bbox 913 431 1131 471; x_wconf 83' lang='lat' dir='ltr'><strong>Almericus</strong></span> <span class='ocrx_word' id='word_1_14' title='bbox 1163 431 1413 472; x_wconf 86' lang='lat' dir='ltr'><strong>Meomartini</strong></span> <span class='ocrx_word' id='word_1_15' title='bbox 1441 433 1483 472; x_wconf 89' lang='lat' dir='ltr'><strong>in</strong></span> <span class='ocrx_word' id='word_1_16' title='bbox 1517 433 1767 484; x_wconf 82' lang='lat' dir='ltr'><strong>ephemeride</strong></span> <span class='ocrx_word' id='word_1_17' title='bbox 1793 433 2026 473; x_wconf 64' lang='lat' dir='ltr'><strong>Florentino</strong></span> <span class='ocrx_word' id='word_1_18' title='bbox 2051 433 2147 475; x_wconf 74' lang='lat' dir='ltr'><strong>Arte</strong></span> <span class='ocrx_word' id='word_1_19' title='bbox 2190 424 2191 427; x_wconf 25' lang='lat'>¹</span> 
     </span>
     <span class='ocr_line' id='line_1_5' title="bbox 434 498 2199 553; baseline 0.003 -13"><span class='ocrx_word' id='word_1_20' title='bbox 434 514 464 540; x_wconf 84' lang='lat' dir='ltr'><strong>-e</strong></span> <span class='ocrx_word' id='word_1_21' title='bbox 491 502 609 540; x_wconf 79' lang='lat' dir='ltr'><strong>storia</strong></span> <span class='ocrx_word' id='word_1_22' title='bbox 638 500 675 539; x_wconf 87' lang='lat' dir='ltr'><strong>d.</strong></span> <span class='ocrx_word' id='word_1_23' title='bbox 708 499 772 539; x_wconf 87' lang='lat'><strong>31.</strong></span> <span class='ocrx_word' id='word_1_24' title='bbox 793 499 950 538; x_wconf 81' lang='lat' dir='ltr'><strong>Ianuar.</strong></span> <span class='ocrx_word' id='word_1_25' title='bbox 984 498 1084 539; x_wconf 89' lang='lat'>1891</span> <span class='ocrx_word' id='word_1_26' title='bbox 1117 513 1156 551; x_wconf 90' lang='lat' dir='ltr'><strong>p.</strong></span> <span class='ocrx_word' id='word_1_27' title='bbox 1181 501 1230 539; x_wconf 88' lang='lat'><strong>14</strong></span> <span class='ocrx_word' id='word_1_28' title='bbox 1262 500 1384 539; x_wconf 83' lang='lat' dir='ltr'><strong>edidit</strong></span> <span class='ocrx_word' id='word_1_29' title='bbox 1412 513 1536 551; x_wconf 86' lang='lat' dir='ltr'><strong>nuper</strong></span> <span class='ocrx_word' id='word_1_30' title='bbox 1564 501 1707 540; x_wconf 88' lang='lat' dir='ltr'><strong>iterum</strong></span> <span class='ocrx_word' id='word_1_31' title='bbox 1736 507 1930 553; x_wconf 81' lang='lat' dir='ltr'><strong>repertam</strong></span> <span class='ocrx_word' id='word_1_32' title='bbox 1957 501 2055 542; x_wconf 77' lang='lat' dir='ltr'><strong>nolle</strong></span> <span class='ocrx_word' id='word_1_33' title='bbox 2083 503 2145 543; x_wconf 80' lang='lat' dir='ltr'><strong>de-</strong></span> <span class='ocrx_word' id='word_1_34' title='bbox 2197 543 2199 546; x_wconf 25' lang='lat'><strong>⁴</strong></span> 
     </span>
     <span class='ocr_line' id='line_1_6' title="bbox 443 566 2145 618; baseline 0 -10"><span class='ocrx_word' id='word_1_35' title='bbox 443 570 631 608; x_wconf 81' lang='lat' dir='ltr'><strong>molizioni</strong></span> <span class='ocrx_word' id='word_1_36' title='bbox 660 569 720 607; x_wconf 82' lang='lat' dir='ltr'><strong>del</strong></span> <span class='ocrx_word' id='word_1_37' title='bbox 748 574 956 607; x_wconf 80' lang='lat' dir='ltr'><strong>casamento</strong></span> <span class='ocrx_word' id='word_1_38' title='bbox 987 568 1048 606; x_wconf 84' lang='lat' dir='ltr'><strong>del</strong></span> <span class='ocrx_word' id='word_1_39' title='bbox 1077 566 1161 618; x_wconf 65' lang='grc' dir='ltr'><strong>δίῃ.</strong></span> <span class='ocrx_word' id='word_1_40' title='bbox 1189 567 1357 618; x_wconf 83' lang='lat' dir='ltr'><strong>Capaldi</strong></span> <span class='ocrx_word' id='word_1_41' title='bbox 1386 569 1617 616; x_wconf 75' lang='lat' dir='ltr'><strong>Fiorentino,</strong></span> <span class='ocrx_word' id='word_1_42' title='bbox 1660 569 1786 609; x_wconf 82' lang='lat' dir='ltr'><strong>Vicolo</strong></span> <span class='ocrx_word' id='word_1_43' title='bbox 1811 567 1960 612; x_wconf 78' lang='lat' dir='ltr'><strong>Calore.</strong></span> <span class='ocrx_word' id='word_1_44' title='bbox 2006 568 2145 611; x_wconf 76' lang='lat' dir='ltr'><strong>Lectio</strong></span> 
     </span>
    </p>
   </div>
   <div class='ocr_carea' id='block_1_4' title="bbox 443 614 2216 687">
    <p class='ocr_par' dir='ltr' id='par_1_4' title="bbox 443 614 2216 687">
     <span class='ocr_line' id='line_1_7' title="bbox 443 614 2216 687; baseline 0 -12"><span class='ocrx_word' id='word_1_45' title='bbox 443 649 523 676; x_wconf 91' lang='lat' dir='ltr'><strong>non</strong></span> <span class='ocrx_word' id='word_1_46' title='bbox 552 637 696 685; x_wconf 84' lang='lat' dir='ltr'><strong>differt,</strong></span> <span class='ocrx_word' id='word_1_47' title='bbox 725 636 803 676; x_wconf 85' lang='lat' dir='ltr'><strong>nisi</strong></span> <span class='ocrx_word' id='word_1_48' title='bbox 832 637 938 686; x_wconf 90' lang='lat' dir='ltr'><strong>quod</strong></span> <span class='ocrx_word' id='word_1_49' title='bbox 966 640 1150 686; x_wconf 82' lang='lat' dir='ltr'><strong>punctum</strong></span> <span class='ocrx_word' id='word_1_50' title='bbox 1181 636 1293 675; x_wconf 85' lang='lat' dir='ltr'><strong>adest</strong></span> <span class='ocrx_word' id='word_1_51' title='bbox 1322 642 1413 687; x_wconf 82' lang='lat' dir='ltr'><strong>post</strong></span> <span class='ocrx_word' id='word_1_52' title='bbox 1443 647 1562 675; x_wconf 78' lang='lat' dir='ltr'><strong>ELITE.</strong></span> <span class='ocrx_word' id='word_1_53' title='bbox 2199 614 2216 675; x_wconf 54' lang='grc' dir='ltr'>ἶ</span> 
     </span>
    </p>
   </div>
   <div class='ocr_carea' id='block_1_5' title="bbox 390 750 657 762">
    <p class='ocr_par' dir='ltr' id='par_1_5' title="bbox 390 750 657 762">
     <span class='ocr_line' id='line_1_8' title="bbox 390 750 657 762; baseline 0 0"><span class='ocrx_word' id='word_1_54' title='bbox 390 750 657 762; x_wconf 95' lang='lat' dir='ltr'><strong> </strong></span> 
     </span>
    </p>
   </div>
   <div class='ocr_carea' id='block_1_6' title="bbox 855 855 1664 909">
    <p class='ocr_par' dir='ltr' id='par_1_6' title="bbox 855 855 1664 909">
     <span class='ocr_line' id='line_1_9' title="bbox 855 855 1664 909; baseline 0 -13"><span class='ocrx_word' id='word_1_55' title='bbox 855 856 1009 896; x_wconf 92' lang='lat' dir='ltr'>XLIX.</span> <span class='ocrx_word' id='word_1_56' title='bbox 1069 855 1330 896; x_wconf 90' lang='lat' dir='ltr'>CAVDIVM</span> <span class='ocrx_word' id='word_1_57' title='bbox 1359 857 1415 909; x_wconf 90' lang='lat' dir='ltr'><strong>(p.</strong></span> <span class='ocrx_word' id='word_1_58' title='bbox 1441 857 1530 897; x_wconf 87' lang='lat'><strong>198.</strong></span> <span class='ocrx_word' id='word_1_59' title='bbox 1554 857 1664 908; x_wconf 87' lang='grc'>673).</span> 
     </span>
    </p>
   </div>
   <div class='ocr_carea' id='block_1_7' title="bbox 385 946 2145 1134">
    <p class='ocr_par' dir='ltr' id='par_1_7' title="bbox 385 922 2216 1134">
     <span class='ocr_line' id='line_1_10' title="bbox 385 946 2140 1001; baseline 0.003 -15"><span class='ocrx_word' id='word_1_60' title='bbox 385 946 466 987; x_wconf 82' lang='lat'><strong>815</strong></span> <span class='ocrx_word' id='word_1_61' title='bbox 497 949 547 988; x_wconf 75' lang='lat' dir='ltr'><strong>ad</strong></span> <span class='ocrx_word' id='word_1_62' title='bbox 577 948 622 988; x_wconf 87' lang='lat' dir='ltr'><strong>o.</strong></span> <span class='ocrx_word' id='word_1_63' title='bbox 653 963 691 987; x_wconf 81' lang='lat' dir='ltr'><strong>n.</strong></span> <span class='ocrx_word' id='word_1_64' title='bbox 714 948 833 988; x_wconf 79' lang='lat'><strong>2179.</strong></span> <span class='ocrx_word' id='word_1_65' title='bbox 882 948 1039 988; x_wconf 73' lang='lat' dir='ltr'><strong>Titulus</strong></span> <span class='ocrx_word' id='word_1_66' title='bbox 1070 954 1178 987; x_wconf 71' lang='lat' dir='ltr'><strong>extat</strong></span> <span class='ocrx_word' id='word_1_67' title='bbox 1206 948 1249 987; x_wconf 79' lang='lat' dir='ltr'><strong>in</strong></span> <span class='ocrx_word' id='word_1_68' title='bbox 1278 948 1365 987; x_wconf 75' lang='lat' dir='ltr'><strong>vieo</strong></span> <span class='ocrx_word' id='word_1_69' title='bbox 1396 948 1598 988; x_wconf 71' lang='lat' dir='ltr'><strong>Bucciano</strong></span> <span class='ocrx_word' id='word_1_70' title='bbox 1626 961 1751 1001; x_wconf 75' lang='lat' dir='ltr'><strong>prope</strong></span> <span class='ocrx_word' id='word_1_71' title='bbox 1777 950 1917 990; x_wconf 75' lang='lat' dir='ltr'><strong>Airola</strong></span> <span class='ocrx_word' id='word_1_72' title='bbox 1943 950 2048 991; x_wconf 68' lang='lat' dir='ltr'><strong>naza</strong></span> <span class='ocrx_word' id='word_1_73' title='bbox 2073 953 2140 992; x_wconf 70' lang='lat' dir='ltr'><strong>via</strong></span> 
     </span>
     <span class='ocr_line' id='line_1_11' title="bbox 441 1016 2145 1072; baseline 0.004 -18"><span class='ocrx_word' id='word_1_74' title='bbox 441 1018 543 1055; x_wconf 81' lang='lat' dir='ltr'><strong>della</strong></span> <span class='ocrx_word' id='word_1_75' title='bbox 570 1019 746 1068; x_wconf 77' lang='lat' dir='ltr'><strong>frazione</strong></span> <span class='ocrx_word' id='word_1_76' title='bbox 778 1016 874 1057; x_wconf 69' lang='lat' dir='ltr'><strong>Casa</strong></span> <span class='ocrx_word' id='word_1_77' title='bbox 901 1030 1031 1065; x_wconf 71' lang='lat' dir='ltr'><strong>nuova,</strong></span> <span class='ocrx_word' id='word_1_78' title='bbox 1061 1017 1144 1068; x_wconf 75' lang='lat' dir='ltr'><strong>ayli</strong></span> <span class='ocrx_word' id='word_1_79' title='bbox 1171 1017 1274 1068; x_wconf 77' lang='lat' dir='ltr'><strong><em>stasfi</em></strong></span> <span class='ocrx_word' id='word_1_80' title='bbox 1303 1018 1364 1056; x_wconf 84' lang='lat' dir='ltr'><strong>del</strong></span> <span class='ocrx_word' id='word_1_81' title='bbox 1387 1024 1546 1068; x_wconf 73' lang='lat' dir='ltr'><strong>por-tone</strong></span> <span class='ocrx_word' id='word_1_82' title='bbox 1575 1017 1679 1058; x_wconf 82' lang='lat' dir='ltr'><strong>della</strong></span> <span class='ocrx_word' id='word_1_83' title='bbox 1708 1029 1799 1063; x_wconf 75' lang='lat' dir='ltr'><strong>casa</strong></span> <span class='ocrx_word' id='word_1_84' title='bbox 1819 1019 1878 1058; x_wconf 80' lang='lat' dir='ltr'><strong>col</strong></span> <span class='ocrx_word' id='word_1_85' title='bbox 1904 1030 1943 1058; x_wconf 80' lang='grc' dir='ltr'><strong>π.</strong></span> <span class='ocrx_word' id='word_1_86' title='bbox 1961 1019 2022 1068; x_wconf 81' lang='lat'><strong>17,</strong></span> <span class='ocrx_word' id='word_1_87' title='bbox 2049 1032 2145 1072; x_wconf 80' lang='lat' dir='ltr'><strong>pro-</strong></span> 
     </span>
     <span class='ocr_line' id='line_1_12' title="bbox 433 1084 2015 1134; baseline 0.003 -12"><span class='ocrx_word' id='word_1_88' title='bbox 433 1086 560 1134; x_wconf 64' lang='lat' dir='ltr'><strong>priam</strong></span> <span class='ocrx_word' id='word_1_89' title='bbox 587 1084 804 1125; x_wconf 75' lang='lat' dir='ltr'><strong>Francesco</strong></span> <span class='ocrx_word' id='word_1_90' title='bbox 832 1085 1016 1124; x_wconf 83' lang='lat' dir='ltr'><strong>Ferrara.</strong></span> <span class='ocrx_word' id='word_1_91' title='bbox 2009 1091 2015 1094; x_wconf 83' lang='grc'><em>“</em></span> 
     </span>
    </p>
   </div>
   <div class='ocr_carea' id='block_1_8' title="bbox 1004 1191 1078 1263">
    <p class='ocr_par' dir='ltr' id='par_1_8' title="bbox 1004 1191 1078 1263">
     <span class='ocr_line' id='line_1_13' title="bbox 1004 1191 1078 1263; baseline 0 0"><span class='ocrx_word' id='word_1_92' title='bbox 1004 1191 1078 1263; x_wconf 70' lang='lat' dir='ltr'><em>s</em></span> 
     </span>
    </p>
   </div>
   <div class='ocr_carea' id='block_1_9' title="bbox 1151 1291 1415 1328">
    <p class='ocr_par' dir='ltr' id='par_1_9' title="bbox 1151 1291 1415 1328">
     <span class='ocr_line' id='line_1_14' title="bbox 1151 1291 1415 1328; baseline -0.011 0"><span class='ocrx_word' id='word_1_93' title='bbox 1151 1291 1163 1328; x_wconf 87' lang='lat' dir='ltr'><strong>l</strong></span> <span class='ocrx_word' id='word_1_94' title='bbox 1381 1299 1415 1325; x_wconf 81' lang='lat' dir='ltr'><strong>m</strong></span> 
     </span>
    </p>
   </div>
   <div class='ocr_carea' id='block_1_10' title="bbox 1441 1194 1515 1266">
    <p class='ocr_par' dir='ltr' id='par_1_10' title="bbox 1441 1194 1515 1266">
     <span class='ocr_line' id='line_1_15' title="bbox 1441 1194 1515 1266; baseline 0 0"><span class='ocrx_word' id='word_1_95' title='bbox 1441 1194 1515 1266; x_wconf 57' lang='grc' dir='ltr'>Χ</span> 
     </span>
    </p>
   </div>
   <div class='ocr_carea' id='block_1_11' title="bbox 1299 1258 1501 1273">
    <p class='ocr_par' dir='ltr' id='par_1_11' title="bbox 1299 1258 1501 1273">
     <span class='ocr_line' id='line_1_16' title="bbox 1299 1258 1501 1273; baseline 0 0"><span class='ocrx_word' id='word_1_96' title='bbox 1299 1258 1501 1273; x_wconf 95' lang='lat' dir='ltr'><strong> </strong></span> 
     </span>
    </p>
   </div>
   <div class='ocr_carea' id='block_1_12' title="bbox 1103 1358 1468 1666">
    <p class='ocr_par' dir='ltr' id='par_1_12' title="bbox 1103 1358 1468 1666">
     <span class='ocr_line' id='line_1_17' title="bbox 1104 1358 1468 1396; baseline -0.008 0"><span class='ocrx_word' id='word_1_97' title='bbox 1104 1358 1175 1396; x_wconf 82' lang='grc' dir='ltr'><strong>ΗΙ</strong></span> <span class='ocrx_word' id='word_1_98' title='bbox 1327 1366 1468 1394; x_wconf 76' lang='lat' dir='ltr'><strong>Emvs</strong></span> 
     </span>
     <span class='ocr_line' id='line_1_18' title="bbox 1103 1426 1446 1464; baseline -0.006 -1"><span class='ocrx_word' id='word_1_99' title='bbox 1103 1426 1177 1464; x_wconf 86' lang='grc' dir='ltr'><strong>ΙΙΙ</strong></span> <span class='ocrx_word' id='word_1_100' title='bbox 1326 1434 1446 1462; x_wconf 73' lang='grc' dir='ltr'>εετε</span> 
     </span>
     <span class='ocr_line' id='line_1_19' title="bbox 1103 1493 1451 1530; baseline 0 0"><span class='ocrx_word' id='word_1_101' title='bbox 1103 1493 1174 1530; x_wconf 94' lang='grc' dir='ltr'><strong>ΙΙΙ</strong></span> <span class='ocrx_word' id='word_1_102' title='bbox 1336 1502 1451 1530; x_wconf 70' lang='grc' dir='ltr'><strong>ΙΒεκ</strong></span> 
     </span>
     <span class='ocr_line' id='line_1_20' title="bbox 1118 1571 1448 1598; baseline -0.003 0"><span class='ocrx_word' id='word_1_103' title='bbox 1118 1571 1187 1598; x_wconf 87' lang='lat' dir='ltr'><strong>OL</strong></span> <span class='ocrx_word' id='word_1_104' title='bbox 1338 1571 1448 1597; x_wconf 78' lang='lat' dir='ltr'><strong>MAE</strong></span> 
     </span>
     <span class='ocr_line' id='line_1_21' title="bbox 1129 1638 1405 1666; baseline 0.004 -1"><span class='ocrx_word' id='word_1_105' title='bbox 1129 1638 1186 1665; x_wconf 80' lang='lat' dir='ltr'><strong>FE</strong></span> <span class='ocrx_word' id='word_1_106' title='bbox 1353 1639 1405 1666; x_wconf 81' lang='grc' dir='ltr'><strong>ετ</strong></span> 
     </span>
    </p>
   </div>
   <div class='ocr_carea' id='block_1_13' title="bbox 374 1737 2216 1928">
    <p class='ocr_par' dir='ltr' id='par_1_13' title="bbox 374 1737 2216 1928">
     <span class='ocr_line' id='line_1_22' title="bbox 378 1737 2216 1793; baseline 0.004 -17"><span class='ocrx_word' id='word_1_107' title='bbox 378 1737 769 1792; x_wconf 81' lang='lat' dir='ltr'><strong>Colonna-Stigliano</strong></span> <span class='ocrx_word' id='word_1_108' title='bbox 800 1741 832 1778; x_wconf 80' lang='lat' dir='ltr'><strong>le</strong></span> <span class='ocrx_word' id='word_1_109' title='bbox 859 1747 978 1790; x_wconf 64' lang='lat' dir='ltr'><strong>grotta</strong></span> <span class='ocrx_word' id='word_1_110' title='bbox 998 1742 1059 1779; x_wconf 81' lang='lat' dir='ltr'><strong>del</strong></span> <span class='ocrx_word' id='word_1_111' title='bbox 1080 1747 1197 1780; x_wconf 79' lang='lat' dir='ltr'><strong>monte</strong></span> <span class='ocrx_word' id='word_1_112' title='bbox 1221 1741 1396 1780; x_wconf 82' lang='lat' dir='ltr'><em>Taburno</em></span> <span class='ocrx_word' id='word_1_113' title='bbox 1428 1740 1618 1793; x_wconf 86' lang='lat' dir='ltr'><strong>(Neapoli</strong></span> <span class='ocrx_word' id='word_1_114' title='bbox 1644 1740 1762 1789; x_wconf 87' lang='grc'><strong>1889,</strong></span> <span class='ocrx_word' id='word_1_115' title='bbox 1784 1741 1826 1792; x_wconf 91' lang='grc'><strong>8)</strong></span> <span class='ocrx_word' id='word_1_116' title='bbox 1855 1755 1896 1793; x_wconf 88' lang='lat' dir='ltr'><strong>p.</strong></span> <span class='ocrx_word' id='word_1_117' title='bbox 1921 1741 1990 1790; x_wconf 86' lang='lat'>17·;</span> <span class='ocrx_word' id='word_1_118' title='bbox 2027 1742 2131 1783; x_wconf 85' lang='lat' dir='ltr'><strong>idem</strong></span> <span class='ocrx_word' id='word_1_119' title='bbox 2211 1770 2216 1789; x_wconf 84' lang='grc'><strong>-,</strong></span> 
     </span>
     <span class='ocr_line' id='line_1_23' title="bbox 376 1807 2132 1860; baseline 0.003 -16"><span class='ocrx_word' id='word_1_120' title='bbox 376 1807 481 1856; x_wconf 89' lang='lat' dir='ltr'><strong>apud</strong></span> <span class='ocrx_word' id='word_1_121' title='bbox 509 1807 741 1846; x_wconf 85' lang='lat' dir='ltr'><strong>Fiorellium</strong></span> <span class='ocrx_word' id='word_1_122' title='bbox 770 1808 916 1847; x_wconf 79' lang='lat' dir='ltr'><strong>Notizz&#39;e</strong></span> <span class='ocrx_word' id='word_1_123' title='bbox 947 1809 1047 1860; x_wconf 71' lang='lat' dir='ltr'><strong>deqli</strong></span> <span class='ocrx_word' id='word_1_124' title='bbox 1075 1811 1181 1849; x_wconf 80' lang='lat' dir='ltr'><em>soavi</em></span> <span class='ocrx_word' id='word_1_125' title='bbox 1203 1808 1308 1848; x_wconf 87' lang='lat'>1890</span> <span class='ocrx_word' id='word_1_126' title='bbox 1338 1822 1376 1860; x_wconf 88' lang='lat' dir='ltr'><strong>p.</strong></span> <span class='ocrx_word' id='word_1_127' title='bbox 1399 1808 1491 1848; x_wconf 83' lang='lat'><strong>224.</strong></span> <span class='ocrx_word' id='word_1_128' title='bbox 1555 1809 1750 1848; x_wconf 78' lang='lat' dir='ltr'><strong>Dedimus</strong></span> <span class='ocrx_word' id='word_1_129' title='bbox 1780 1815 1824 1848; x_wconf 85' lang='lat' dir='ltr'><strong>ut</strong></span> <span class='ocrx_word' id='word_1_130' title='bbox 1858 1809 2012 1849; x_wconf 79' lang='lat' dir='ltr'><strong>calamo</strong></span> <span class='ocrx_word' id='word_1_131' title='bbox 2046 1822 2132 1850; x_wconf 77' lang='lat' dir='ltr'><strong>eor·-</strong></span> 
     </span>
     <span class='ocr_line' id='line_1_24' title="bbox 374 1874 2216 1928; baseline 0.004 -16"><span class='ocrx_word' id='word_1_132' title='bbox 374 1874 478 1912; x_wconf 81' lang='lat' dir='ltr'><strong>rexit</strong></span> <span class='ocrx_word' id='word_1_133' title='bbox 507 1880 640 1914; x_wconf 81' lang='lat' dir='ltr'><strong>auctor</strong></span> <span class='ocrx_word' id='word_1_134' title='bbox 669 1877 710 1914; x_wconf 90' lang='lat' dir='ltr'><strong>in</strong></span> <span class='ocrx_word' id='word_1_135' title='bbox 739 1877 921 1928; x_wconf 84' lang='lat' dir='ltr'><strong>exemplo</strong></span> <span class='ocrx_word' id='word_1_136' title='bbox 950 1878 1129 1928; x_wconf 79' lang='lat' dir='ltr'><strong>opusculi</strong></span> <span class='ocrx_word' id='word_1_137' title='bbox 1160 1879 1194 1916; x_wconf 86' lang='lat' dir='ltr'><strong>le</strong></span> <span class='ocrx_word' id='word_1_138' title='bbox 1218 1884 1338 1928; x_wconf 57' lang='lat' dir='ltr'><strong>,qrotte</strong></span> <span class='ocrx_word' id='word_1_139' title='bbox 1366 1877 1628 1917; x_wconf 84' lang='lat' dir='ltr'><strong>bibliothecae</strong></span> <span class='ocrx_word' id='word_1_140' title='bbox 1656 1877 1831 1917; x_wconf 82' lang='lat' dir='ltr'><strong>Instituti</strong></span> <span class='ocrx_word' id='word_1_141' title='bbox 1859 1877 2128 1920; x_wconf 76' lang='lat' dir='ltr'><strong>dono‘misso.</strong></span> <span class='ocrx_word' id='word_1_142' title='bbox 2212 1903 2216 1909; x_wconf 67' lang='grc'><strong>«</strong></span> 
     </span>
    </p>
   </div>
   <div class='ocr_carea' id='block_1_14' title="bbox 372 2068 1669 2213">
    <p class='ocr_par' dir='ltr' id='par_1_14' title="bbox 372 2068 1669 2213">
     <span class='ocr_line' id='line_1_25' title="bbox 906 2068 1593 2122; baseline 0.001 -15"><span class='ocrx_word' id='word_1_143' title='bbox 906 2068 955 2108; x_wconf 92' lang='lat' dir='ltr'><strong>L.</strong></span> <span class='ocrx_word' id='word_1_144' title='bbox 1013 2068 1257 2110; x_wconf 87' lang='lat' dir='ltr'>TELESIA</span> <span class='ocrx_word' id='word_1_145' title='bbox 1288 2071 1344 2122; x_wconf 88' lang='lat' dir='ltr'><strong>(p.</strong></span> <span class='ocrx_word' id='word_1_146' title='bbox 1367 2068 1458 2110; x_wconf 88' lang='grc'><strong>205.</strong></span> <span class='ocrx_word' id='word_1_147' title='bbox 1482 2070 1593 2121; x_wconf 88' lang='grc'>674).</span> 
     </span>
     <span class='ocr_line' id='line_1_26' title="bbox 372 2156 1669 2213; baseline 0.004 -16"><span class='ocrx_word' id='word_1_148' title='bbox 372 2156 457 2197; x_wconf 86' lang='grc'><strong>816</strong></span> <span class='ocrx_word' id='word_1_149' title='bbox 489 2160 539 2198; x_wconf 85' lang='lat' dir='ltr'><strong>ad</strong></span> <span class='ocrx_word' id='word_1_150' title='bbox 568 2158 614 2199; x_wconf 87' lang='lat' dir='ltr'><strong>C.</strong></span> <span class='ocrx_word' id='word_1_151' title='bbox 644 2173 682 2199; x_wconf 89' lang='lat' dir='ltr'><strong>n.</strong></span> <span class='ocrx_word' id='word_1_152' title='bbox 706 2159 824 2199; x_wconf 92' lang='grc'><strong>2310.</strong></span> <span class='ocrx_word' id='word_1_153' title='bbox 883 2161 970 2200; x_wconf 86' lang='lat' dir='ltr'><strong>Iam</strong></span> <span class='ocrx_word' id='word_1_154' title='bbox 999 2161 1170 2213; x_wconf 89' lang='lat' dir='ltr'><strong>Neapoli</strong></span> <span class='ocrx_word' id='word_1_155' title='bbox 1198 2162 1241 2200; x_wconf 92' lang='lat' dir='ltr'><strong>in</strong></span> <span class='ocrx_word' id='word_1_156' title='bbox 1269 2174 1403 2202; x_wconf 88' lang='lat' dir='ltr'><strong>museo</strong></span> <span class='ocrx_word' id='word_1_157' title='bbox 1432 2176 1470 2201; x_wconf 88' lang='lat' dir='ltr'><strong>n.</strong></span> <span class='ocrx_word' id='word_1_158' title='bbox 1495 2161 1669 2202; x_wconf 84' lang='lat'><strong>113607.</strong></span> 
     </span>
    </p>
   </div>
   <div class='ocr_carea' id='block_1_15' title="bbox 377 2269 653 2279">
    <p class='ocr_par' dir='ltr' id='par_1_15' title="bbox 377 2269 653 2279">
     <span class='ocr_line' id='line_1_27' title="bbox 377 2269 653 2279; baseline 0 1517"><span class='ocrx_word' id='word_1_159' title='bbox 377 2269 653 2279; x_wconf 95' lang='lat' dir='ltr'><strong> </strong></span> 
     </span>
    </p>
   </div>
   <div class='ocr_carea' id='block_1_16' title="bbox 856 2352 1644 2406">
    <p class='ocr_par' dir='ltr' id='par_1_16' title="bbox 856 2352 1644 2406">
     <span class='ocr_line' id='line_1_28' title="bbox 856 2352 1644 2406; baseline 0.003 -15"><span class='ocrx_word' id='word_1_160' title='bbox 856 2352 961 2392; x_wconf 88' lang='lat' dir='ltr'><strong>LVI.</strong></span> <span class='ocrx_word' id='word_1_161' title='bbox 1020 2352 1305 2394; x_wconf 87' lang='lat' dir='ltr'><strong>AESERNIA</strong></span> <span class='ocrx_word' id='word_1_162' title='bbox 1335 2354 1472 2406; x_wconf 87' lang='lat' dir='ltr'><strong>(supra</strong></span> <span class='ocrx_word' id='word_1_163' title='bbox 1499 2367 1538 2406; x_wconf 73' lang='lat' dir='ltr'><strong>p,</strong></span> <span class='ocrx_word' id='word_1_164' title='bbox 1562 2353 1644 2405; x_wconf 80' lang='lat'><strong>24).</strong></span> 
     </span>
    </p>
   </div>
   <div class='ocr_carea' id='block_1_17' title="bbox 369 2466 2123 2523">
    <p class='ocr_par' dir='ltr' id='par_1_17' title="bbox 369 2466 2123 2523">
     <span class='ocr_line' id='line_1_29' title="bbox 369 2466 2123 2523; baseline 0.005 -18"><span class='ocrx_word' id='word_1_165' title='bbox 369 2466 453 2506; x_wconf 75' lang='lat'><strong>817</strong></span> <span class='ocrx_word' id='word_1_166' title='bbox 483 2480 564 2519; x_wconf 87' lang='lat' dir='ltr'><strong>rep.</strong></span> <span class='ocrx_word' id='word_1_167' title='bbox 587 2468 611 2507; x_wconf 86' lang='grc'><strong>2</strong></span> <span class='ocrx_word' id='word_1_168' title='bbox 642 2469 732 2507; x_wconf 84' lang='lat' dir='ltr'><strong>chil.</strong></span> <span class='ocrx_word' id='word_1_169' title='bbox 764 2483 788 2509; x_wconf 85' lang='lat' dir='ltr'><strong>a</strong></span> <span class='ocrx_word' id='word_1_170' title='bbox 820 2468 1046 2522; x_wconf 85' lang='lat' dir='ltr'><strong>Carpinone</strong></span> <span class='ocrx_word' id='word_1_171' title='bbox 1077 2470 1188 2520; x_wconf 72' lang='lat' dir='ltr'><strong>lunyo</strong></span> <span class='ocrx_word' id='word_1_172' title='bbox 1210 2471 1249 2509; x_wconf 84' lang='lat' dir='ltr'><strong>la</strong></span> <span class='ocrx_word' id='word_1_173' title='bbox 1279 2472 1414 2510; x_wconf 76' lang='lat' dir='ltr'><strong>strada</strong></span> <span class='ocrx_word' id='word_1_174' title='bbox 1438 2472 1677 2521; x_wconf 79' lang='lat' dir='ltr'><strong>provinciale</strong></span> <span class='ocrx_word' id='word_1_175' title='bbox 1704 2471 1914 2523; x_wconf 81' lang='lat' dir='ltr'><strong>Aquilonia</strong></span> <span class='ocrx_word' id='word_1_176' title='bbox 1933 2472 1999 2512; x_wconf 72' lang='lat' dir='ltr'><strong>che</strong></span> <span class='ocrx_word' id='word_1_177' title='bbox 2016 2476 2123 2513; x_wconf 70' lang='lat' dir='ltr'><strong>mena</strong></span> 
     </span>
    </p>
   </div>
   <div class='ocr_carea' id='block_1_18' title="bbox 423 2537 1366 2675">
    <p class='ocr_par' dir='ltr' id='par_1_18' title="bbox 423 2537 1366 2675">
     <span class='ocr_line' id='line_1_30' title="bbox 423 2537 1095 2602; baseline 0.004 -28"><span class='ocrx_word' id='word_1_178' title='bbox 423 2538 477 2574; x_wconf 87' lang='lat' dir='ltr'><strong>ad</strong></span> <span class='ocrx_word' id='word_1_179' title='bbox 502 2537 663 2576; x_wconf 74' lang='lat' dir='ltr'><strong>Isernia.</strong></span> <span class='ocrx_word' id='word_1_180' title='bbox 1088 2590 1095 2602; x_wconf 46' lang='grc'><em>1</em></span> 
     </span>
     <span class='ocr_line' id='line_1_31' title="bbox 977 2604 1366 2675; baseline 0 -43"><span class='ocrx_word' id='word_1_181' title='bbox 977 2604 1366 2675; x_wconf 46' lang='lat' dir='ltr'><strong>omnmo-134¹</strong></span> 
     </span>
    </p>
   </div>
   <div class='ocr_carea' id='block_1_19' title="bbox 1156 2672 1457 2701">
    <p class='ocr_par' dir='ltr' id='par_1_19' title="bbox 1156 2672 1457 2701">
     <span class='ocr_line' id='line_1_32' title="bbox 1156 2672 1457 2701; baseline 0.003 -1"><span class='ocrx_word' id='word_1_182' title='bbox 1156 2673 1204 2701; x_wconf 80' lang='lat' dir='ltr'><strong>Ex</strong></span> <span class='ocrx_word' id='word_1_183' title='bbox 1233 2672 1360 2701; x_wconf 83' lang='lat' dir='ltr'>TESTA</span> <span class='ocrx_word' id='word_1_184' title='bbox 1366 2678 1457 2701; x_wconf 81' lang='lat' dir='ltr'><strong>memo</strong></span> 
     </span>
    </p>
   </div>
   <div class='ocr_carea' id='block_1_20' title="bbox 365 2711 1365 2803">
    <p class='ocr_par' dir='ltr' id='par_1_20' title="bbox 365 2711 1365 2803">
     <span class='ocr_line' id='line_1_33' title="bbox 365 2711 1365 2803; baseline 0.005 -16"><span class='ocrx_word' id='word_1_185' title='bbox 365 2749 525 2789; x_wconf 86' lang='lat' dir='ltr'><strong>Perella</strong></span> <span class='ocrx_word' id='word_1_186' title='bbox 552 2750 647 2790; x_wconf 82' lang='lat' dir='ltr'><strong>Arte</strong></span> <span class='ocrx_word' id='word_1_187' title='bbox 677 2764 694 2793; x_wconf 87' lang='lat' dir='ltr'><strong>e</strong></span> <span class='ocrx_word' id='word_1_188' title='bbox 723 2754 842 2793; x_wconf 74' lang='lat' dir='ltr'><strong>storia</strong></span> <span class='ocrx_word' id='word_1_189' title='bbox 865 2751 968 2791; x_wconf 88' lang='lat'>1889</span> <span class='ocrx_word' id='word_1_190' title='bbox 999 2765 1037 2803; x_wconf 91' lang='lat' dir='ltr'><strong>p.</strong></span> <span class='ocrx_word' id='word_1_191' title='bbox 1063 2752 1151 2792; x_wconf 87' lang='grc'><strong>148.</strong></span> <span class='ocrx_word' id='word_1_192' title='bbox 1362 2711 1365 2749; x_wconf 41' lang='grc' dir='ltr'><strong><em>ἐ</em></strong></span> 
     </span>
    </p>
   </div>
   <div class='ocr_carea' id='block_1_21' title="bbox 366 2874 499 2884">
    <p class='ocr_par' dir='ltr' id='par_1_21' title="bbox 366 2874 499 2884">
     <span class='ocr_line' id='line_1_34' title="bbox 366 2874 499 2884; baseline 0 0"><span class='ocrx_word' id='word_1_193' title='bbox 366 2874 499 2884; x_wconf 95' lang='lat' dir='ltr'><strong> </strong></span> 
     </span>
    </p>
   </div>
   <div class='ocr_carea' id='block_1_22' title="bbox 760 2955 1713 3010">
    <p class='ocr_par' dir='ltr' id='par_1_22' title="bbox 760 2955 1713 3010">
     <span class='ocr_line' id='line_1_35' title="bbox 760 2955 1713 3010; baseline 0.002 -14"><span class='ocrx_word' id='word_1_194' title='bbox 760 2955 851 2997; x_wconf 91' lang='lat' dir='ltr'><strong>LX.</strong></span> <span class='ocrx_word' id='word_1_195' title='bbox 909 2956 1067 2997; x_wconf 90' lang='lat' dir='ltr'><strong>BVCA.</strong></span> <span class='ocrx_word' id='word_1_196' title='bbox 1100 2956 1381 2999; x_wconf 89' lang='lat' dir='ltr'>VSCOSIVM</span> <span class='ocrx_word' id='word_1_197' title='bbox 1410 2958 1466 3009; x_wconf 89' lang='lat' dir='ltr'><strong>(p.</strong></span> <span class='ocrx_word' id='word_1_198' title='bbox 1489 2957 1581 2998; x_wconf 88' lang='grc'><strong>263.</strong></span> <span class='ocrx_word' id='word_1_199' title='bbox 1605 2958 1713 3010; x_wconf 86' lang='grc'><strong>676).</strong></span> 
     </span>
    </p>
   </div>
   <div class='ocr_carea' id='block_1_23' title="bbox 362 3069 2114 3193">
    <p class='ocr_par' dir='ltr' id='par_1_23' title="bbox 362 3069 2114 3193">
     <span class='ocr_line' id='line_1_36' title="bbox 362 3069 2114 3117; baseline 0.005 -8"><span class='ocrx_word' id='word_1_200' title='bbox 362 3069 446 3109; x_wconf 86' lang='grc'><strong>818</strong></span> <span class='ocrx_word' id='word_1_201' title='bbox 477 3071 527 3110; x_wconf 85' lang='lat' dir='ltr'><strong>ad</strong></span> <span class='ocrx_word' id='word_1_202' title='bbox 557 3071 601 3112; x_wconf 90' lang='lat' dir='ltr'><strong>C.</strong></span> <span class='ocrx_word' id='word_1_203' title='bbox 632 3086 669 3112; x_wconf 94' lang='lat' dir='ltr'><strong>n.</strong></span> <span class='ocrx_word' id='word_1_204' title='bbox 693 3073 811 3112; x_wconf 87' lang='grc'><strong>6312.</strong></span> <span class='ocrx_word' id='word_1_205' title='bbox 869 3073 1008 3113; x_wconf 86' lang='lat' dir='ltr'><strong>Edidit</strong></span> <span class='ocrx_word' id='word_1_206' title='bbox 1037 3073 1243 3114; x_wconf 85' lang='lat' dir='ltr'><strong>Carmelus</strong></span> <span class='ocrx_word' id='word_1_207' title='bbox 1273 3075 1447 3115; x_wconf 80' lang='lat' dir='ltr'><strong>Mancini</strong></span> <span class='ocrx_word' id='word_1_208' title='bbox 1474 3074 1559 3114; x_wconf 75' lang='lat' dir='ltr'><strong>Atti</strong></span> <span class='ocrx_word' id='word_1_209' title='bbox 1588 3076 1691 3115; x_wconf 82' lang='lat' dir='ltr'><strong>della</strong></span> <span class='ocrx_word' id='word_1_210' title='bbox 1718 3075 1765 3114; x_wconf 87' lang='lat' dir='ltr'><strong>R.</strong></span> <span class='ocrx_word' id='word_1_211' title='bbox 1787 3075 1932 3115; x_wconf 78' lang='lat' dir='ltr'><strong>Accad.</strong></span> <span class='ocrx_word' id='word_1_212' title='bbox 1963 3078 2003 3116; x_wconf 78' lang='lat' dir='ltr'><strong>di</strong></span> <span class='ocrx_word' id='word_1_213' title='bbox 2029 3077 2114 3117; x_wconf 83' lang='lat' dir='ltr'><strong>Na-</strong></span> 
     </span>
     <span class='ocr_line' id='line_1_37' title="bbox 411 3140 2046 3193; baseline 0.004 -16"><span class='ocrx_word' id='word_1_214' title='bbox 411 3141 496 3188; x_wconf 77' lang='lat' dir='ltr'><strong>poli</strong></span> <span class='ocrx_word' id='word_1_215' title='bbox 515 3140 577 3178; x_wconf 94' lang='lat' dir='ltr'><strong>XI</strong></span> <span class='ocrx_word' id='word_1_216' title='bbox 610 3142 628 3178; x_wconf 96' lang='lat'>1</span> <span class='ocrx_word' id='word_1_217' title='bbox 661 3140 806 3191; x_wconf 87' lang='lat'>(1883)</span> <span class='ocrx_word' id='word_1_218' title='bbox 835 3155 872 3193; x_wconf 88' lang='lat' dir='ltr'><strong>p.</strong></span> <span class='ocrx_word' id='word_1_219' title='bbox 898 3142 948 3181; x_wconf 87' lang='lat'><strong>65</strong></span> <span class='ocrx_word' id='word_1_220' title='bbox 979 3155 1011 3181; x_wconf 77' lang='lat' dir='ltr'><strong>c.</strong></span> <span class='ocrx_word' id='word_1_221' title='bbox 1042 3143 1140 3191; x_wconf 68' lang='lat' dir='ltr'><strong>tab..</strong></span> <span class='ocrx_word' id='word_1_222' title='bbox 1171 3144 1382 3183; x_wconf 84' lang='lat' dir='ltr'><strong>adfirmans</strong></span> <span class='ocrx_word' id='word_1_223' title='bbox 1412 3156 1448 3182; x_wconf 89' lang='lat' dir='ltr'><strong>v.</strong></span> <span class='ocrx_word' id='word_1_224' title='bbox 1470 3142 1493 3180; x_wconf 84' lang='lat'>5</span> <span class='ocrx_word' id='word_1_225' title='bbox 1526 3156 1588 3183; x_wconf 90' lang='lat' dir='ltr'><strong>ex.</strong></span> <span class='ocrx_word' id='word_1_226' title='bbox 1619 3148 1754 3182; x_wconf 83' lang='lat' dir='ltr'><strong>extare</strong></span> <span class='ocrx_word' id='word_1_227' title='bbox 1784 3155 1848 3191; x_wconf 71' lang='lat' dir='ltr'><strong>RA,</strong></span> <span class='ocrx_word' id='word_1_228' title='bbox 1878 3156 1956 3183; x_wconf 92' lang='lat' dir='ltr'><strong>non</strong></span> <span class='ocrx_word' id='word_1_229' title='bbox 1986 3155 2046 3184; x_wconf 77' lang='grc' dir='ltr'><strong>ΡΑ.</strong></span> 
     </span>
    </p>
   </div>
   <div class='ocr_carea' id='block_1_24' title="bbox 358 3343 2050 3490">
    <p class='ocr_par' dir='ltr' id='par_1_24' title="bbox 358 3343 2050 3490">
     <span class='ocr_line' id='line_1_38' title="bbox 621 3343 1842 3402; baseline 0.002 -21"><span class='ocrx_word' id='word_1_230' title='bbox 621 3343 772 3382; x_wconf 85' lang='lat' dir='ltr'><strong>LXVI.</strong></span> <span class='ocrx_word' id='word_1_231' title='bbox 832 3345 1021 3384; x_wconf 83' lang='lat' dir='ltr'><strong>TEATE</strong></span> <span class='ocrx_word' id='word_1_232' title='bbox 1051 3345 1503 3391; x_wconf 81' lang='lat' dir='ltr'><strong>MARRVCINORVM</strong></span> <span class='ocrx_word' id='word_1_233' title='bbox 1534 3346 1671 3397; x_wconf 80' lang='lat' dir='ltr'><strong>(supra</strong></span> <span class='ocrx_word' id='word_1_234' title='bbox 1698 3359 1737 3397; x_wconf 83' lang='lat' dir='ltr'><strong>p.</strong></span> <span class='ocrx_word' id='word_1_235' title='bbox 1752 3345 1842 3402; x_wconf 71' lang='lat'><strong>⁴27).</strong></span> 
     </span>
     <span class='ocr_line' id='line_1_39' title="bbox 358 3430 2050 3490; baseline 0.005 -19"><span class='ocrx_word' id='word_1_236' title='bbox 358 3430 443 3472; x_wconf 84' lang='grc'><strong>819</strong></span> <span class='ocrx_word' id='word_1_237' title='bbox 471 3435 521 3473; x_wconf 86' lang='lat' dir='ltr'><strong>ad</strong></span> <span class='ocrx_word' id='word_1_238' title='bbox 551 3435 652 3486; x_wconf 90' lang='lat' dir='ltr'><strong>Eph.</strong></span> <span class='ocrx_word' id='word_1_239' title='bbox 683 3450 722 3475; x_wconf 91' lang='lat' dir='ltr'><strong>n.</strong></span> <span class='ocrx_word' id='word_1_240' title='bbox 747 3436 974 3476; x_wconf 82' lang='lat'><strong>119—124.</strong></span> <span class='ocrx_word' id='word_1_241' title='bbox 1035 3436 1172 3476; x_wconf 79' lang='lat' dir='ltr'><strong>Edidit</strong></span> <span class='ocrx_word' id='word_1_242' title='bbox 1200 3438 1419 3478; x_wconf 82' lang='lat' dir='ltr'><strong>Tarantelli</strong></span> <span class='ocrx_word' id='word_1_243' title='bbox 1448 3437 1544 3477; x_wconf 80' lang='lat' dir='ltr'><strong>Arte</strong></span> <span class='ocrx_word' id='word_1_244' title='bbox 1573 3450 1592 3477; x_wconf 78' lang='lat' dir='ltr'><strong>e</strong></span> <span class='ocrx_word' id='word_1_245' title='bbox 1620 3439 1736 3478; x_wconf 73' lang='lat' dir='ltr'><strong>storia</strong></span> <span class='ocrx_word' id='word_1_246' title='bbox 1759 3438 1863 3479; x_wconf 87' lang='grc'>1887</span> <span class='ocrx_word' id='word_1_247' title='bbox 1892 3451 1931 3490; x_wconf 91' lang='lat' dir='ltr'><strong>p.</strong></span> <span class='ocrx_word' id='word_1_248' title='bbox 1954 3437 2050 3482; x_wconf 82' lang='lat'><strong>259.</strong></span> 
     </span>
    </p>
   </div>
  </div>
 </body>
</html>
