2216 3796
413 384 469 431 51
480 383 508 429 Ο
1143 393 1415 426 AVCTARIVM

806 594 1160 638 CONVENTVS
1192 591 1755 636 CARTHAGINIENSIS.

773 725 1056 763 INSVLAE
1098 724 1429 762 BALIARES
1471 735 1589 773 supra
1623 734 1661 771 p.
1694 722 1788 760 445.

842 840 1042 878 INSVLA
1071 839 1323 877 BALIARIS
1354 839 1532 876 MINOR
1561 851 1598 887 p.
1624 837 1718 875 963.

412 957 449 981 n.
475 943 755 981 5592-6000
801 941 957 980 Titulos
988 943 1039 980 ad
1074 942 1295 981 Oalaseovas
1330 941 1440 979 vivae
1478 940 1569 990 rupi
1607 932 1821 989 inscriptas
1857 951 1985 990 nuper
2019 939 2150 978 denuo

467 1011 645 1050 visitavit
675 1010 836 1050 Gabriel
864 1010 1028 1049 Llabres
1059 1011 1209 1049 amicus
1241 1010 1337 1048 olim
1366 1008 1585 1049 Palmensis
1614 1021 1721 1046 nunc
1742 1008 2011 1058 Magontanus
2040 1010 2080 1046 et
2107 1006 2150 1045 in
2201 1055 2202 1058 Ἴ

467 1081 600 1118 locum
635 1093 778 1119 novem
813 1093 995 1132 numero,
1037 1094 1137 1131 quos
1177 1081 1304 1119 adhuc
1340 1080 1542 1131 novimus,
1583 1076 1862 1128 duodeviginti
1894 1077 1990 1116 olim
2011 1075 2152 1116 -fuIsse
2194 1071 2213 1129 -

469 1150 630 1188 detexit.
693 1150 1005 1189 Collocationem
1034 1150 1242 1189 titulorum
1271 1149 1488 1188 delineavit
1517 1147 1688 1199 curiose,
1721 1151 1874 1186 textum
1903 1145 2152 1198 singulorum
2195 1166 2201 1178 --

469 1232 559 1257 cum
589 1218 875 1269 descriptorum
906 1218 1146 1258 anteriorum
1178 1218 1348 1258 contulit
1367 1231 1495 1268 neque
1515 1231 1607 1255 vero
1630 1217 1756 1255 adhue
1777 1215 1966 1267 exempiaf
1985 1219 2153 1254 nanctus

469 1292 529 1327 est
557 1297 639 1327 tam
668 1288 855 1341 perfecta,
887 1301 1005 1338 quam
1036 1288 1139 1326 curis
1168 1287 1321 1326 iteratis
1351 1287 1564 1337 aliquando
1594 1285 1695 1323 mihi
1729 1284 1883 1324 mittere
1910 1297 2028 1336 posse
2058 1297 2154 1324 eon-
2210 1316 2213 1320 .

468 1356 566 1395 fidit.
626 1358 743 1395 Unde
772 1359 846 1396 hoc
875 1357 963 1395 loco
994 1370 1232 1395 memorasse
1264 1356 1447 1395 sufficiat.

917 1540 1025 1601 xm.
1073 1563 1311 1601 BAROINO
1343 1575 1463 1612 supra
1491 1575 1530 1612 p.
1555 1563 1649 1600 451.

413 1673 504 1717 290
548 1676 781 1728 Baminone,
813 1677 856 1714 in
886 1690 1022 1716 museo
1047 1677 1295 1730 provinciali,
1327 1677 1438 1716 arula
1459 1691 1507 1716 ex
1525 1677 1657 1727 lapide
1679 1676 1846 1716 calcatio
1867 1676 1948 1716 alta
1967 1688 2020 1714 m.
2044 1676 2152 1726 025,

471 1745 613 1784 litteris
644 1746 735 1784 altis
768 1747 904 1784 0.015.

1195 1952 1371 1988 leN‘rto

1195 2022 1369 2049 low-VO

1194 2090 1248 2118 so
1269 2100 1276 2107 -
1301 2091 1370 2116 Lm

416 2310 554 2346 Petrus
585 2308 695 2347 Paris
725 2307 835 2346 misit
865 2322 887 2346 a
917 2321 958 2347 se
989 2308 1226 2359 descriptam
1256 2321 1307 2347 m.
1339 2308 1455 2346 Iunio
1487 2322 1520 2347 a.
1560 2309 1677 2347 1896.
2094 2322 2100 2329 ³

976 2517 1083 2554 XIII.
1131 2517 1409 2554 EMPORIAE
1438 2529 1476 2565 p.
1502 2517 1595 2555 988.

417 2624 644 2670 291-293
687 2629 898 2682 Emporiis,
921 2631 1089 2668 tabellae
1109 2644 1352 2669 marmoreae
1382 2644 1537 2682 parvae,
1572 2643 1595 2668 α
1624 2631 1704 2668 alta
1722 2643 1773 2668 m.
1799 2631 1908 2682 0.17‚
1939 2629 2019 2667 lata
2041 2629 2156 2677 0.27;

474 2697 494 2734 h
524 2702 640 2747 rupta
677 2698 718 2735 in
755 2703 886 2748 partes
923 2700 1037 2751 duas,
1079 2700 1158 2737 alta
1187 2713 1239 2738 m.
1275 2702 1382 2751 0.10,
1423 2700 1504 2737 lata
1537 2701 1651 2748 0.143
1689 2713 1709 2736 e
1738 2699 1817 2737 alta
1846 2712 1897 2736 m.
1931 2699 2055 2750 0.12,
2077 2697 2158 2735 lata

478 2768 585 2805 0.15.
646 2767 819 2805 Litterae
857 2767 958 2805 altae
990 2772 1083 2806 sunt
1113 2768 1155 2805 in
1186 2782 1209 2806 α
1238 2782 1289 2807 m.
1325 2769 1465 2819 0.025,
1506 2768 1548 2805 in
1578 2768 1599 2805 b
1629 2773 1668 2806 et
1697 2782 1717 2805 o
1749 2769 1884 2806 0.015.
1947 2767 2157 2806 Gerundae

476 2839 605 2874 servat
634 2837 749 2875 Font.

514 3066 537 3089 a
681 3064 803 3094 Θεεηι
1054 3053 1074 3090 b
1152 3050 1381 3137 -ffljyzmo
1584 3071 1604 3092 e
1756 3043 1874 3117 Q&

606 3132 869 3162 ΛΡιετοΛεογ
1241 3134 1374 3160 AMEN
1739 3138 1911 3168 ΝΔΕΦΕ

608 3200 873 3231 ΜΑεεΑΛιΗτΑ
1242 3203 1348 3229 ιπκΑι
1708 3207 1764 3238 οε
1782 3206 1945 3235 reuom-

1326 3249 1336 3264 1

684 3271 799 3297 χΑιΡΕ
1336 3265 1339 3267 ’
1673 3277 1761 3303 *ΑΜ
1775 3274 1910 3303 ΕΝΠΟ

424 3488 623 3537 Descripsi
656 3503 703 3526 ex
735 3489 903 3541 ectypis,
947 3503 1046 3538 quae
1083 3490 1192 3529 misit
1228 3491 1477 3529 Raimundus
1507 3493 1610 3529 Font
1639 3492 1842 3540 presbyter
1871 3491 2155 3531 Gerundensis.
