2216 3796
403 298 498 344 314
876 308 1039 341 NVMMI
1078 308 1285 342 Avevs'rl
1320 309 1380 341 ET
1415 308 1677 342 DOMITIANI

601 423 773 460 carmine
804 423 994 460 saeculari
1015 423 1234 461 Horatiano
1266 424 1386 473 petita
1414 423 1624 461 illustravit
1649 423 1703 460 ita
1723 428 1766 461 ut
1795 429 1983 462 statueret
2011 422 2151 474 (supra

602 504 638 539 p.
662 489 780 540 257),
810 503 965 528 carmen
996 496 1193 528 cantatum
1223 502 1311 528 esse
1339 488 1379 528 ‘a
1406 491 1536 528 choris
1568 491 1749 528 sollemni
1779 503 1925 540 pompa
1953 503 2004 529 ex
2031 489 2150 529 Pala·
2192 532 2194 538 ,

600 559 654 595 tio
685 558 734 595 ad
765 557 1005 608 Capitolium
1037 559 1288 608 pergentibus
1319 565 1357 596 et
1385 559 1477 596 inde
1506 558 1758 596 redeuntibus
1789 559 1836 596 ad
1867 559 2002 597 aedem
2027 559 2150 609 Apol·
2196 565 2206 586 ·¹

600 626 690 663 linis
721 623 971 663 Palatinam’.
1036 625 1195 664 Nummi
1225 627 1357 676 imago
1387 627 1648 664 coniecturam
1681 626 1789 663 nullo
1821 627 1937 664 modo
1965 626 2147 664 infirmat.

507 693 674 743 Templa
702 693 741 730 in
779 694 947 731 nummis
977 694 1196 732 Domitiani
1234 700 1528 743 repraesentata
1557 700 1752 743 quatenus
1782 694 2049 744 respondeant
2076 695 2170 738 eis..
2202 694 2203 698 ’

397 774 497 810 quae
524 762 564 798 in
594 762 693 798 actis
723 762 986 808 nominantur,
1017 762 1177 799 videant
1206 762 1461 812 topographi3
1503 762 1595 799 mihi
1629 762 1702 799 hoc
1731 767 1881 800 tantum
1914 761 2147 800 monendum

396 836 477 874 est,
515 829 554 866 in
590 829 761 867 nummis
798 829 950 866 aedium
988 830 1180 879 imagines
1217 830 1316 867 haud
1354 843 1444 867 raro
1479 830 1731 879 neglegenter
1769 829 2023 869 adumbratas
2060 841 2148 867 esse
2212 839 2216 879 g

397 895 464 944 (cf.
495 909 528 933 e.
551 908 587 946 g.
619 909 657 934 n.
680 897 748 934 6a.
765 897 798 934 b.
831 897 886 946 7).
1913 939 1919 945 ‚
2210 914 2216 960 ¹

505 964 645 1001 Restat
674 970 716 1000 ut
749 964 923 1013 reliquos
955 966 1124 1015 Augusti
1160 971 1198 1002 et
1226 965 1444 1003 Domitiani
1475 976 1655 1003 nummos
1686 965 1725 1002 in
1757 964 1984 1012 memoriam
2014 976 2149 1003 saecu·
2209 961 2216 1019 j

395 1031 533 1069 larium
565 1044 683 1069 cusos
714 1044 1000 1070 recenseamus.
2014 1071 2017 1073 ,
2212 1024 2216 1034 ’

504 1099 570 1138 Ad
605 1099 783 1137 ludorum
822 1100 1075 1138 indictionem
1111 1101 1307 1150 pertinent
1343 1101 1514 1150 Augusti
1551 1113 1653 1138 unus
1689 1112 1832 1139 aureus
1867 1105 1907 1138 et
1941 1105 2148 1150 argenteus

396 1167 452 1215 (n.
480 1167 560 1216 11),
593 1167 809 1205 Domitiani
841 1168 931 1205 item
964 1180 1106 1206 aureus
1136 1175 1174 1206 et
1203 1175 1411 1218 argenteus
1443 1180 1541 1207 unus
1572 1169 1626 1217 (n.
1654 1168 1733 1216 12).

448 1248 485 1272 n.
514 1236 556 1272 ll
590 1234 766 1284 (Cohen,
804 1223 956 1273 Caesar
992 1250 1028 1274 n.
1056 1235 1214 1285 5-6):
1268 1236 1336 1274 Vir
1373 1238 1631 1274 sinistrorsum
1667 1243 1773 1274 stans
1808 1236 1982 1286 galeatus
2018 1235 2147 1285 (galea

596 1303 742 1341 duabus
765 1301 943 1353 pinni31)
969 1304 1191 1353 praelonqis
1221 1310 1357 1342 ornata
1383 1304 1454 1353 cst)
1485 1311 1519 1342 et
1546 1307 1734 1343 succincta
1762 1301 1905 1354 veste2)
1932 1304 2086 1342 indutus
2115 1316 2146 1341 s.

596 1371 754 1420 clipeum
787 1372 987 1409 rotundum
1017 1371 1138 1420 (cuius
1167 1374 1314 1420 insiqne
1344 1378 1398 1410 est
1426 1372 1574 1421 stella),
1612 1373 1648 1409 d.
1689 1373 1888 1411 caduceum
1925 1371 2068 1410 alatum
2097 1377 2145 1409 tc—

592 1445 664 1477 net.
723 1438 801 1488 (Ab
831 1440 953 1477 altera
986 1447 1096 1489 parte
1125 1446 1179 1477 est
1205 1447 1317 1489 caput
1347 1439 1523 1478 Caesaris
1530 1455 1546 1486 ,·
1579 1442 1776 1490 inscriptio
1805 1452 1839 1478 Μ
1868 1448 2120 1487 SANQVINJVS
2136 1459 2166 1467 ·›
2198 1444 2199 1453 ¹

595 1518 657 1544 ιιι·
688 1517 755 1544 vm
785 1514 818 1544 et
846 1517 1010 1544 Avcvsr
1041 1518 1124 1545 mvi
1155 1518 1176 1544 p
1205 1517 1341 1546 Lvoos
1371 1509 1499 1556 SAEC).

449 1588 483 1610 n.
511 1573 557 1611 12
591 1573 768 1623 (Cohen,
805 1574 1057 1612 Domitianus
1087 1589 1125 1612 n.
1149 1575 1340 1620 75-76,
1378 1575 1428 1612 cf.
1453 1575 1515 1612 77.
1543 1576 1629 1624 78):
1671 1575 1774 1613 Idem
1803 1577 1863 1613 vir
1890 1577 2147 1614 sinistrorsum

589 1643 785 1691 gradiens,
820 1643 887 1679 sed
915 1655 990 1692 pro
1027 1644 1184 1681 caduceo
1219 1644 1394 1680 baculum
1423 1649 1518 1681 tenet
1544 1643 1689 1692 (facem
1723 1642 1866 1689 Cohen,
1905 1642 2048 1692 errore)
2079 1643 2146 1680 cli-

587 1712 724 1759 peique
756 1713 901 1759 insigne
930 1717 983 1758 cst
1018 1718 1135 1760 caput
1159 1712 1350 1760 galeatum
1387 1712 1652 1749 demonum.
1688 1711 1917 1760 Inscriptio.-
1955 1720 2033 1750 cos
2068 1721 2145 1748 xnn

593 1788 672 1814 LVD
704 1787 800 1816 saec
828 1788 912 1816 rec.
2214 1760 2216 1769 Ι

659 1845 846 1895 Figuram
879 1846 983 1884 cultu
1015 1853 1093 1884 tam
1125 1847 1314 1896 singulari
1346 1853 1596 1894 exornatam,
1626 1859 1742 1896 quam
1774 1847 1950 1897 plerique
1980 1845 2144 1892 Salium,

593 1913 659 1950 alii
695 1913 886 1951 Fetialem
926 1914 992 1951 alii
1034 1915 1249 1961 Minervam
1291 1915 1357 1952 alii
1396 1927 1627 1964 praeconem
1667 1927 1757 1952 esse
1791 1915 2041 1953 coniecerunt
2076 1914 2143 1964 (cf.

594 1981 746 2018 Eckhel
766 1981 802 2018 V
833 1994 869 2030 p.
893 1981 990 2029 300;
1028 1982 1085 2019 VI
1116 1996 1152 2032 p.
1176 1983 1286 2032 385),
1315 1981 1598 2021 ‘verisimiliter
1632 1995 1866 2034 praeconem
1901 1982 2018 2021 ludos
2054 1994 2144 2031 pro-

593 2046 846 2099 mulgantem’
886 2061 974 2087 esse
1013 2051 1163 2088 censuit
1199 2050 1373 2096 Eckhel,
1418 2051 1581 2100 eiusque
1625 2051 1845 2101 opinionem
1889 2055 2046 2089 secutus
2083 2055 2145 2088 est

590 2117 808 2154 Mommsen
840 2116 896 2167 (p.
919 2117 1012 2163 246,
1042 2118 1082 2155 in
1113 2118 1203 2156 adn.
1229 2119 1244 2155 1
1280 2118 1357 2155 alia
1388 2119 1562 2157 eiusdem
1591 2118 1739 2169 figurae
1767 2119 1951 2168 exempla
1979 2117 2143 2167 citans);

592 2183 743 2223 Salium
766 2198 844 2222 non
875 2185 1088 2235 significari
1121 2184 1354 2224 monuerunt
1374 2186 1526 2224 Eckhel
1547 2186 1583 2223 V
1606 2199 1642 2236 p.
1665 2187 1744 2224 300
1774 2193 1813 2224 et
1841 2199 1960 2237 supra
1978 2186 2143 2224 Momm-

590 2264 673 2298 sen,
703 2253 798 2301 quia
819 2251 929 2291 Salio
949 2266 1034 2291 cum
1057 2253 1160 2292 ludis
1191 2254 1458 2292 saecularibus
1489 2255 1601 2292 nulla
1625 2261 1730 2293 esset
1757 2255 1992 2292 communio.
2041 2254 2142 2298 Ima-

589 2320 717 2370 ginem
747 2332 837 2358 esse
871 2318 1094 2371 ‘praeconis
1123 2321 1329 2359 invitantis
1360 2334 1466 2359 more
1497 2322 1679 2360 sollemni
1709 2323 1758 2360 ad
1796 2322 1912 2360 ludos
1941 2333 2042 2371 quos
2072 2333 2143 2359 nec

589 2394 810 2438 spectasset
837 2389 1043 2439 quisquam
1074 2402 1145 2427 nec
1174 2378 1422 2439 spectaturus
1452 2387 1576 2428 esset’
1605 2389 1732 2440 (Suet.
1762 2389 1901 2428 Claud.
1923 2389 1993 2439 21)
2023 2401 2142 2439 prop-

590 2462 648 2493 ter
683 2456 843 2494 caducei
880 2457 1061 2507 inprimis
1097 2457 1249 2507 insigne
1285 2458 1366 2495 veri
1402 2464 1463 2495 est
1504 2458 1766 2505 simillimum;
1801 2471 1927 2508 neque
1965 2456 2142 2507 opinioni

590 2535 743 2572 eorum,
787 2525 851 2573 qui
888 2523 1039 2563 Salium
1079 2537 1168 2563 esse
1212 2525 1558 2571 existimaverunt,
1595 2525 1751 2564 videtur
1785 2526 1917 2564 favere
1956 2524 2061 2575 quod
2099 2525 2140 2562 in

590 2598 775 2642 argenteo
806 2593 976 2642 Augusti
1012 2593 1215 2631 rarissimo
1252 2593 1300 2630 ad
1338 2594 1453 2631 ludos
1490 2594 1716 2634 saeculares
1755 2594 1969 2643 pertinente
2003 2593 2140 2631 eadem

589 2660 714 2708 figura
743 2660 844 2696 redit
878 2660 1047 2709 clipeum
1084 2674 1162 2698 non
1198 2661 1410 2699 rotundum
1452 2662 1621 2708 habens,
1657 2661 1724 2700 sed
1760 2662 1846 2700 eius
1881 2662 1961 2699 fere
1990 2661 2140 2699 formae

587 2740 705 2776 quam
743 2728 937 2765 ancilibus
975 2729 1175 2778 propriam
1215 2741 1300 2766 esse
1331 2729 1492 2767 scimus:
1538 2730 1665 2781 clipeo
1703 2730 1807 2768 enim
1847 2730 1960 2768 huius
1989 2729 2139 2766 formae

589 2796 709 2832 utitur
743 2796 860 2832 etiam
898 2796 997 2832 Iuno
1029 2795 1175 2846 Sospes
1205 2796 1475 2846 Lanuvina3),
1514 2787 1630 2847 quam
1667 2809 1781 2835 nemo
1817 2809 1986 2847 unquam
2022 2808 2138 2846 prop-

588 2869 696 2900 terea
733 2876 820 2900 cum
852 2862 970 2901 Saliis
1007 2865 1238 2914 composuit.
1299 2865 1521 2914 Argenteus
1553 2866 1720 2915 Augusti
1758 2865 1874 2903 modo
1905 2871 2139 2903 memoratus

587 2931 649 2968 hic
678 2937 756 2969 est:

486 3109 515 3150 ¹)
552 3111 605 3142 Ita
632 3110 733 3142 etiam
761 3110 976 3142 Cavedonius
1003 3110 1103 3150 (Ann.
1123 3110 1155 3142 d.
1182 3110 1263 3143 Inst.
1287 3112 1377 3144 1853
1406 3123 1438 3154 p.
1459 3111 1536 3153 2s);
1572 3113 1668 3144 binas
1693 3113 1764 3145 alas
1790 3122 1862 3145 esse
1888 3111 1971 3144 dicit
1996 3111 2135 3150 Eckhel‚

384 3171 440 3201 vix
469 3176 570 3202 recte.

484 3229 516 3271 2)
553 3233 673 3265 Virum
706 3237 857 3274 togatum
883 3242 955 3264 esse
981 3233 1063 3264 dicit
1086 3233 1227 3274 Eckhel,
1254 3244 1321 3266 non
1349 3234 1449 3274 bene3
1478 3235 1578 3266 vestis
1602 3235 1721 3266 similis
1746 3238 1796 3266 est
1821 3234 1852 3266 ei
1878 3243 1978 3276 quam
2005 3233 2135 3266 Graece

382 3293 525 3325 dicimus
552 3287 752 3324 διπλοΐδιον.

483 3352 513 3393 ³)
550 3355 590 3386 In
618 3355 762 3386 nummis
787 3355 897 3395 gentis
923 3354 1136 3386 Cornuficiae
1163 3354 1294 3395 (Cohon
1321 3367 1426 3387 monn.
1451 3355 1492 3387 de
1518 3355 1553 3387 la
1578 3354 1703 3399 republ.
1722 3355 1814 3387 Rom.
1842 3356 1908 3388 tab.
1928 3355 2020 3395 XV),
2047 3356 2133 3389 Met-

382 3415 447 3445 tiae
476 3414 511 3453 (ι.
532 3425 559 3446 0.
588 3415 860 3454 tab.XXv111)‚
889 3415 1057 3447 Prociliae
1084 3416 1119 3455 (1.
1139 3427 1166 3448 ο.
1195 3416 1261 3448 tab.
1282 3416 1446 3455 xxxv>
1477 3407 1479 3409 ’
