2216 3796
379 348 472 396 246
1193 359 1322 393 ACTA

377 477 500 516 Vides
536 476 634 514 actis
669 475 732 513 his
770 474 1075 525 posterioribus,
1115 487 1202 514 cum
1237 475 1277 514 in
1312 475 1437 514 lucari
1471 475 1654 514 ludorum
1690 476 1954 516 saecularium
1987 477 2134 519 eonsti-

375 546 521 584 tuendo
550 543 908 594 placuisset,sequi
936 542 976 580 id
1006 543 1113 594 quod
1141 543 1190 581 de
1219 556 1265 582 eo
1294 544 1546 583 constitutum
1568 549 1653 582 erat
1681 544 1754 582 sub
1773 545 1972 596 Augusto,
2000 557 2134 587 exem-
2204 584 2205 587 ,

376 614 484 662 plum
515 617 675 650 senatus
695 610 867 650 consulti
896 617 978 650 tum
1006 611 1101 650 facti
1129 612 1321 650 insertum
1342 623 1445 659 esse,
1474 612 1584 651 cuius
1605 616 1644 649 et
1667 618 1940 662 argumentum
1967 613 2136 655 refertur

377 686 416 719 81
443 680 678 731 principium
709 684 903 729 superest.
923 700 977 708 -—
1007 677 1086 719 Sed
1114 685 1271 730 praeter
1298 680 1504 731 pecuniam
1524 680 1608 718 veri
1639 680 1766 719 simile
1792 685 1854 719 est
1881 681 1930 721 de
1958 681 2049 722 aliis
2074 695 2136 723 re·
2200 668 2205 675 ,

376 749 451 786 bus
482 747 533 785 ad
561 748 772 786 editionem
808 747 1096 797 pertinentibus
1128 748 1245 786 simul
1280 753 1461 786 senatum
1495 754 1577 786 tum
1607 748 1850 797 decrevisse,
1885 749 2059 791 fortasse
2087 751 2137 791 de
2190 748 2216 802 Y„

376 815 624 854 caerimoniis
655 815 816 865 quinam
846 828 896 853 ex
916 813 1096 855 XVviris
1125 827 1191 854 eas
1221 816 1452 865 perficerent
1479 828 1558 855 non
1588 821 1669 854 tam
1698 816 1857 868 collegii
1885 817 2042 858 decreto
2068 819 2136 859 de·

376 885 499 922 cisum
529 895 619 922 esse
647 895 763 933 quam
794 896 840 922 eo
871 888 1031 922 senatus
1061 884 1252 923 consulto.
1298 882 1458 923 Scilicet
1486 897 1572 923 cum
1604 884 1904 936 magistratuum
1933 890 2068 936 partes
2096 887 2137 926 in
2206 871 2216 918 f

376 953 425 990 iis
454 952 588 990 nullae
618 956 768 998 essent,
805 951 1062 990 caerimonias
1092 963 1161 989 eas
1196 952 1281 989 iure
1309 951 1524 991 credideris
1556 953 1800 1003 spectavisse
1829 953 1881 992 ad
1909 953 2136 1006 maghtms,

378 1026 420 1058 ut
456 1020 561 1071 apud
592 1019 760 1058 Arvales
796 1019 1059 1058 caerimoniae
1089 1031 1226 1058 omnes
1263 1019 1518 1070 perficiuntur
1552 1033 1622 1070 per
1650 1021 1882 1072 magistrum
1915 1021 1958 1061 in
1991 1033 2137 1063 annum

378 1101 466 1126 eum
502 1089 657 1126 decreto
690 1088 850 1139 collegii
886 1088 1155 1126 constitutum.
1213 1088 1261 1125 In
1300 1088 1567 1127 saecularibus
1603 1089 1708 1127 ludis
1744 1095 1876 1128 autem
1910 1091 2026 1131 secus
2060 1097 2137 1130 est:

376 1157 597 1195 videbimus
628 1156 803 1194 ordinari
832 1168 901 1195 eos
932 1156 981 1194 ab
1003 1157 1199 1206 Augusto,
1229 1155 1433 1195 immolare
1461 1163 1499 1194 et
1528 1157 1682 1206 precari
1710 1170 1783 1208 pro
1812 1157 1984 1209 collegio
2001 1159 2137 1210 Augu-

378 1232 482 1264 stum
513 1231 553 1262 et
572 1225 805 1275 Agrippam,
835 1224 1074 1263 circensibus
1096 1224 1308 1276 quadrigas
1335 1226 1490 1264 mittere
1507 1225 1683 1263 Potitum
1702 1225 1946 1274 Messallam,
1971 1235 2138 1278 quorum

376 1294 479 1331 inter
508 1293 594 1331 eius
625 1293 717 1331 anni
747 1293 960 1343 magistros
997 1304 1098 1331 unus
1127 1293 1334 1343 Augustus
1365 1299 1434 1331 est.
1486 1294 1693 1343 Augustus
1723 1299 1762 1332 81
1789 1294 1974 1345 Agrippa
2001 1306 2138 1346 quam-

377 1374 495 1412 quam
525 1361 684 1399 dubium
721 1373 797 1399 non
834 1368 894 1399 est
928 1361 1115 1399 honorem
1153 1374 1241 1399 eum
1271 1361 1489 1400 obtinuisse
1524 1366 1686 1412 propter
1721 1361 1983 1412 principatum
2017 1369 2058 1403 et
2084 1364 2139 1403 ob
2203 1323 2216 1399 i

377 1443 464 1468 eam
495 1441 655 1467 causam
686 1429 842 1478 utrique
870 1429 910 1466 in
931 1429 1276 1468 senatusconsulto
1301 1429 1473 1468 adscribi
1502 1430 1750 1468 tribuniciam
1780 1435 2030 1480 potestatem,
2058 1445 2140 1471 non
2196 1466 2199 1476 ,

376 1510 450 1548 pro
480 1510 527 1535 ea
556 1503 752 1547 potestate
782 1509 898 1535 sacra
925 1497 1115 1544 fecerunt,
1151 1497 1232 1543 sed,
1263 1503 1306 1534 ut
1335 1498 1422 1546 ipse
1452 1499 1660 1548 Augustus
1691 1498 1746 1536 ait
1773 1498 1814 1536 in
1843 1500 2139 1548 commentario,

373 1578 447 1615 pro
483 1566 647 1614 conlegio
678 1565 725 1603 X
730 1565 895 1604 Vvirum.
954 1565 1091 1614 Itaque
1127 1565 1282 1604 decreto
1318 1565 1368 1603 ad
1402 1565 1443 1603 id
1480 1577 1580 1616 opus
1618 1572 1718 1613 erat,
1756 1566 1863 1616 quod
1898 1578 2138 1618 quamquam

378 1634 463 1672 fieri
492 1638 625 1683 potest
652 1638 695 1671 ut
723 1633 859 1671 fecerit
887 1632 1109 1682 collegium,
1139 1632 1228 1682 pari
1255 1633 1341 1672 iure
1370 1638 1410 1671 et
1438 1633 1610 1672 fortasse
1639 1633 1800 1673 meliore
1828 1634 1968 1674 referri
1995 1636 2140 1687 poterit

378 1701 427 1739 ad
459 1707 651 1740 senatum.

487 1769 634 1808 Deficit
662 1776 818 1818 praeter
849 1774 1007 1807 senatus
1038 1768 1261 1807 consultum
1291 1770 1339 1807 de
1370 1769 1475 1808 ludis
1501 1769 1663 1808 edendis
1691 1770 1733 1808 in
1763 1771 1861 1809 actis
1890 1782 1994 1821 quae
2019 1771 2140 1812 habe·

378 1850 464 1876 mus
498 1837 680 1875 ludorum
702 1837 843 1875 edictio
864 1843 1170 1876 commemorata
1198 1850 1235 1874 v.
1259 1836 1321 1875 39.
1345 1838 1416 1875 40:
1450 1838 1546 1876 loedi
1576 1867 1585 1876 .
1603 1866 1611 1875 .
1632 1867 1641 1876 .
1670 1838 1752 1888 [qui
1781 1838 1822 1888 a]
1852 1838 2008 1890 colleqio
2031 1841 2140 1880 edicti

378 1913 475 1952 sunt,
512 1919 601 1943 nam
632 1906 671 1942 in
699 1905 748 1943 iis
778 1918 878 1955 quae
907 1906 1149 1956 praecedunt
1176 1905 1216 1942 id
1244 1917 1322 1943 non
1350 1905 1554 1956 reperitur.
1611 1906 1844 1954 Praeconis,
1879 1919 1993 1957 quem
2023 1907 2138 1948 ludos

379 1986 446 2012 eos
478 1973 773 2011 adnuntiantem
803 1974 948 2011 nummi
978 1979 1016 2011 et
1046 1973 1218 2024 Augusti
1247 1979 1286 2011 et
1313 1973 1534 2012 Domitiani
1566 1974 1745 2013 videntur
1774 1980 2073 2025 repraesentare
2086 1976 2139 2026 ¹),

381 2042 414 2079 si
443 2054 521 2091 qua
550 2042 696 2079 mentio
726 2041 765 2078 in
795 2042 893 2079 actis
924 2041 1027 2080 facta
1054 2042 1140 2088 fuit,
1170 2047 1210 2080 et
1238 2042 1327 2090 ipsa
1356 2041 1482 2091 periit.

488 2110 690 2160 Incipiunt
718 2115 805 2147 acta
835 2122 935 2160 quae
965 2116 1179 2161 supersunt
1207 2110 1256 2148 ab
1287 2109 1454 2159 epistula
1484 2109 1540 2159 (v.
1566 2108 1722 2160 1—23)
1760 2110 1810 2149 ab
1839 2112 2025 2163 Augusto
2055 2112 2139 2163 opi-

379 2190 451 2215 nor
480 2178 572 2216 data
601 2178 650 2215 ad
680 2177 888 2228 collegium
917 2178 1144 2225 XVvirum,
1166 2189 1264 2227 -qua
1297 2177 1478 2216 ludorum
1507 2178 1726 2216 futurorum
1758 2178 1842 2218 dies
1872 2185 1910 2218 et
1944 2180 2042 2220 ordo
2072 2180 2138 2219 de-

482 2371 512 2411 ¹)
550 2372 734 2405 Hominem
750 2376 841 2405 veste
867 2372 1048 2412 succincta,
1076 2372 1185 2414 capite
1204 2375 1292 2404 tecto
1309 2372 1407 2414 galea
1430 2371 1584 2413 pinnata,
1610 2376 1780 2405 tenentem
1808 2372 1930 2406 dextra
1955 2373 2139 2407 caduceum

379 2434 504 2466 alatum
530 2434 565 2466 in
591 2444 731 2466 nummo
757 2433 915 2475 Augusti,
948 2434 985 2466 in
1011 2433 1204 2466 Domitiani
1229 2433 1404 2472 baculum,
1440 2433 1576 2465 sinistra
1602 2433 1747 2476 clipeum
1772 2434 1954 2468 rotundum
1978 2435 2140 2468 exhibent

378 2496 507 2527 nummi
534 2496 613 2534 duo,
642 2496 790 2538 Augusti
816 2505 914 2527 cusus
939 2505 960 2527 a
985 2495 1032 2527 Μ.
1052 2495 1241 2537 Sanquinio
1269 2493 1437 2535 (Babelon
1461 2504 1568 2526 monn.
1588 2494 1628 2527 de
1647 2479 1682 2526 'la
1706 2493 1775 2538 re'p.
1797 2497 1817 2528 2
1843 2506 1877 2538 p.
1895 2495 1981 2537 417)
2006 2500 2042 2529 et
2065 2496 2138 2530 Do-

379 2557 513 2588 mitiani
541 2556 684 2595 (Eckhel
702 2557 734 2596 6,
756 2557 837 2597 385;
865 2555 983 2588 Cohen
1001 2554 1082 2588 med.
1101 2555 1159 2588 des
1176 2566 1256 2599 emp.
1276 2555 1295 2588 I
1320 2566 1353 2597 p.
1373 2554 1443 2588 476
1469 2566 1503 2588 11.
1524 2554 1595 2596 72),
1621 2556 1678 2589 hic
1703 2567 1772 2589 una
1790 2567 1865 2590 cum
1893 2557 1993 2600 cippo
2018 2567 2071 2600 eo,
2096 2559 2140 2591 de

381 2628 447 2660 quo
472 2628 573 2659 supra
598 2629 631 2660 p.
651 2618 719 2650 226
747 2618 908 2657 diximus,
935 2622 967 2650 et
992 2618 1152 2650 turibulo.
1193 2617 1328 2652 Similes
1348 2621 1426 2648 sunt
1447 2617 1577 2649 nummi
1603 2618 1750 2660 Augusti
1775 2618 1894 2660 ipsius,
1921 2617 2040 2652 Cohen
2055 2617 2138 2652 med.

381 2678 438 2711 des
463 2689 542 2723 emp.
569 2679 587 2711 I
613 2690 646 2721 p.
668 2680 711 2711 79
738 2689 772 2710 n.
794 2680 861 2710 112
895 2683 927 2710 et
952 2689 986 2721 p.
1007 2680 1050 2711 89
1077 2689 1110 2711 11.
1133 2679 1213 2711 188.
1265 2678 1448 2718 Quodnam
1474 2678 1625 2711 officium
1650 2679 1698 2711 ita
1723 2682 2004 2722 repraesentetur,
2038 2691 2139 2724 quae-

379 2741 475 2772 ritur.
528 2728 671 2773 Carolus
697 2740 825 2773 Robert
856 2750 876 2772 a
901 2750 955 2772 me
982 2740 1155 2772 consultus
1187 2740 1363 2782 respondit
1395 2740 1539 2772 eandem
1569 2740 1712 2782 figuram
1741 2741 1853 2774 redire
1877 2741 1914 2774 in
1939 2742 2140 2785 anaglyphis

381 2802 528 2842 duobus,
562 2802 671 2834 altero
697 2805 828 2834 servato
854 2802 891 2834 in
918 2801 1273 2843 codicetCoburgensi
1304 2800 1432 2841 (edidit
1458 2802 1622 2834 Ernestus
1647 2801 1792 2836 Schulze
1823 2802 1859 2834 in
1890 2807 2140 2846 programmate

380 2864 551 2906 gymnasii
574 2863 835 2896 reformatorum
852 2861 1099 2905 Petropolitani
1125 2873 1155 2895 a.
1178 2863 1289 2895 1873:
1317 2861 1384 2894 alte
1400 2860 1685 2906 Handzeichnunq
1711 2863 1798 2896 eines
1814 2862 1943 2906 Relictis
1963 2864 2025 2896 mit
2045 2862 2139 2897 Dar-

382 2924 522 2968 stellzmy
549 2924 606 2957 des
632 2923 909 2966 Salierum2u9e8‚
942 2935 974 2966 p.
997 2924 1051 2957 15.
1073 2925 1111 2964 8,
1142 2924 1200 2956 ubi
1228 2924 1351 2956 citatur
1375 2924 1509 2965 plenior
1533 2925 1645 2967 imago
1671 2925 1751 2957 data
1782 2924 1873 2966 apud
1898 2924 2071 2958 Casalium
2102 2926 2140 2959 in

380 2987 470 3018 libro
497 2987 538 3018 de
565 2986 732 3018 veteribus
762 2985 883 3017 ritibus
908 2994 939 3017 a.
962 2986 1055 3018 1644
1087 2984 1211 3026 edito),
1247 2985 1353 3018 altero
1381 2986 1567 3028 Anagnino
1602 2985 1723 3026 (edidit
1747 2985 1928 3019 Benndorf
1954 2995 2034 3019 ann.
2059 2987 2139 3021 inst.

381 3047 473 3080 arch.
502 3057 533 3079 a.
556 3048 647 3080 1869
674 3047 744 3079 tab.
771 3046 849 3078 add.
876 3045 937 3086 E);
971 3047 1007 3078 in
1032 3047 1096 3079 hoc
1122 3038 1190 3079 tres
1216 3047 1394 3079 minimum
1422 3047 1588 3079 eiusmodi
1612 3047 1767 3080 homines
1798 3047 1892 3090 pingi
1917 3047 2038 3080 ordine
2061 3058 2138 3091 gra-

382 3109 528 3149 dientes,
563 3109 599 3141 in
625 3108 685 3140 illo
713 3108 797 3140 duos
822 3108 1105 3149 praecedentibus
1130 3108 1336 3141 tubicinibus
1363 3108 1495 3140 duobus
1521 3112 1555 3140 et
1580 3108 1711 3141 duobus
1736 3108 1928 3141 modiorum
1956 3110 2139 3151 portatori-

382 3171 461 3211 bus;
496 3171 552 3211 agi
585 3170 687 3211 igitur
719 3169 761 3200 de
793 3169 937 3211 collegio
969 3170 1095 3211 aliquo.
1147 3169 1260 3204 Salios
1291 3179 1366 3202 non·
1392 3169 1592 3212 significari,
1625 3170 1660 3202 id
1688 3169 1779 3212 quod
1810 3169 1908 3202 multi
1938 3173 2138 3212 statuerunt,
2186 3206 2189 3209 ,

382 3236 516 3273 praeter
541 3231 609 3263 alia
633 3231 713 3262 inde
739 3230 919 3272 colligitur,
947 3231 1038 3273 quod
1064 3231 1149 3263 salio
1175 3241 1249 3263 cum
1277 3230 1504 3263 saecularibus
1529 3231 1617 3263 ludis
1643 3230 1736 3263 nulla
1753 3231 1946 3264 communio
1964 3235 2025 3264 est.
2062 3231 2138 3265 Ma-

382 3293 433 3334 gis
460 3292 661 3324 crediderim
692 3292 937 3334 repraesentari
968 3292 1016 3325 ita
1048 3302 1232 3334 praecones
1263 3292 1308 3325 ad
1340 3302 1394 3324 res
1419 3302 1530 3325 sacras
1557 3292 1742 3333 adhibitos,
1773 3292 1903 3325 scilicet
1935 3289 2139 3338 ἱεροκήρυκας

383 3354 436 3385 vel
462 3354 582 3386 Latine
612 3353 747 3385 lictores
773 3353 950 3394 curiatios;
982 3363 1062 3386 nam
1092 3363 1150 3386 eos
1175 3350 1326 3389 XVviris
1360 3363 1494 3396 quoque
1519 3353 1716 3396 apparuisse
1746 3353 1923 3395 probabile
1948 3357 2006 3386 est
2039 3358 2074 3386 et
2102 3355 2138 3388 in

385 3415 518 3456 collegii
542 3414 688 3446 formam
714 3415 738 3446 ii
763 3414 893 3447 redacti
917 3414 1062 3447 fuerunt.
1103 3414 1172 3448 Sed
1197 3425 1268 3448 rem
1286 3415 1463 3448 obscuram
1489 3419 1521 3447 et
1546 3424 1656 3447 meam
1682 3415 1890 3456 provinciam
1908 3415 2136 3458 egredientem
2188 3456 2192 3459 ι

384 3476 442 3512 alii
468 3485 566 3519 spero
592 3476 666 3508 fore
693 3479 729 3507 ut
754 3475 933 3509 elucident.
