2216 3796
376 342 473 390 240
1190 351 1325 388 ACTA

769 742 1067 784 PERSONAE
1105 743 1167 784 IN
1201 743 1368 784 ACTIS
1406 743 1758 784 NOMINATAE.

488 879 575 918 Viri
606 880 671 930 qui
701 880 741 918 in
772 881 868 919 actis
899 881 1149 919 nominantur
1177 882 1336 931 quinam
1371 881 1515 919 fuerint
1544 893 1630 919 cum
1661 883 1907 931 quaerimus,
1942 891 1990 920 eo
2018 881 2140 933 impe·
2190 876 2200 898 ⁴*

377 948 519 996 dimur,
555 948 660 998 quod
690 949 756 986 ubi
785 957 1037 987 recensentur
1066 949 1309 995 sacerdotes,
1346 962 1424 987 non
1460 955 1659 1000 ponuntur
1688 949 1766 987 tria
1794 948 1955 988 nomina
1982 949 2142 989 sollem-
2175 959 2177 963 ⁴

377 1017 456 1063 nia,
487 1017 589 1054 sicut
617 1022 720 1054 certe
748 1016 980 1081 plerumque
1008 1017 1053 1055 fit
1081 1018 1122 1055 in
1152 1017 1248 1055 actis
1274 1017 1494 1065 Arvalium,
1525 1017 1597 1056 sed
1625 1017 1680 1055 ita
1709 1017 1872 1056 nomina
1900 1017 2140 1066 breviantur,
2188 1038 2197 1070 ³.

379 1091 422 1122 ut
456 1097 534 1123 non
571 1085 668 1123 satis
705 1078 984 1136 agnoscantur.
1043 1085 1302 1124 Inveniuntur
1332 1091 1461 1123 autem
1491 1085 1531 1123 in
1561 1086 1610 1123 iis
1645 1085 1687 1122 hi
1719 1084 1940 1136 adsumptis
1967 1085 2141 1136 quinque
2193 1077 2196 1080 Δ

378 1153 591 1203 magistris,
621 1164 722 1204 quos
751 1153 882 1204 plenis
912 1153 1135 1191 nominibus
1165 1158 1371 1193 recensent
1397 1153 1491 1192 fasti
1521 1151 1748 1204 Capitolini.

491 1276 645 1316 Consul
675 1290 710 1316 a.
734 1277 831 1316 737:

384 1358 424 1396 C.
446 1356 606 1397 Silanus
636 1356 700 1396 52.
724 1357 789 1396 59.

492 1481 705 1522 Senatores
736 1481 803 1531 qui
834 1481 1041 1520 scribendo
1072 1482 1297 1520 adfuerunt:

381 1591 391 1601 .
410 1591 418 1600 .
456 1561 640 1600 Aemilius
669 1561 877 1612 Lep[i0l]us
894 1559 956 1600 ‘in
996 1567 1156 1600 senatus
1195 1561 1386 1600 consultis
1422 1561 1514 1600 Mai.
1538 1561 1588 1600 23
1621 1574 1657 1600 v.
1679 1562 1728 1600 51
1771 1561 1968 1612 (fortasse
2002 1561 2144 1601 consul
2204 1549 2216 1582 {f-

547 1642 582 1668 a.
606 1629 697 1677 733,
728 1630 818 1668 vide
847 1629 980 1679 infra).
2206 1626 2211 1640 ¹

385 1697 425 1737 G.
448 1698 609 1736 Asinius
643 1698 708 1737 On.
737 1699 774 1747 s.
805 1697 964 1748 [Pollio]
994 1698 1035 1736 in
1066 1704 1225 1736 senatus
1255 1698 1437 1736 consulto
1465 1698 1582 1737 Febr
1609 1698 1656 1736 17
1687 1712 1724 1737 v.
1747 1698 1790 1746 93
1820 1697 1962 1738 consul
1989 1697 2144 1737 videtur

545 1765 758 1816 significari
787 1779 822 1804 a.
846 1766 944 1814 714,
980 1778 1218 1816 quamquam
1248 1766 1431 1815 offendit,
1466 1767 1569 1817 quod
1601 1778 1743 1804 nomen
1772 1765 1856 1805 eius
1883 1765 2028 1818 legitur
2054 1771 2145 1817 post

546 1833 738 1873 Silanum.

380 1902 428 1940 L.
456 1902 599 1941 Cestius
633 1903 672 1939 in
703 1907 864 1941 senatus
894 1902 1088 1940 consultis
1117 1902 1209 1940 Mai.
1236 1902 1285 1940 23
1319 1916 1353 1941 v.
1377 1903 1448 1951 51,
1486 1903 1658 1942 fortasse
1688 1901 1734 1942 C.
1757 1901 1880 1942 Cestii
1908 1901 1958 1942 L.
1987 1902 2014 1941 f.
2045 1914 2143 1973 ew’
2206 1910 2216 1958 ’ξ

546 1971 657 2009 cuius
686 1976 797 2008 extat
826 1975 1117 2009 monumentum
1149 1969 1193 2009 C.
1212 1971 1283 2019 VI,
1318 1972 1435 2019 1375,
1465 1971 1599 2009 fratris
1629 1971 1750 2010 filius.

381 2038 436 2076 M.
458 2039 594 2077 Iunius
623 2038 678 2076 M.
702 2040 738 2087 s.
763 2037 957 2088 sistamus]
987 2039 1027 2077 in
1057 2045 1217 2077 senatus
1249 2039 1430 2077 consulto
1459 2039 1575 2078 Febr.
1601 2040 1647 2078 17
1680 2053 1716 2080 v.
1740 2038 1778 2088 8,
1807 2039 1977 2078 fortasse
2005 2037 2144 2078 consul
2208 2028 2216 2092 ᾗ

547 2120 583 2145 a.
607 2106 697 2145 729.

382 2174 433 2213 L.
454 2174 652 2213 Petronius
681 2175 807 2224 Rufus
836 2176 877 2213 in
909 2181 1067 2214 senatus
1098 2176 1289 2213 consultis
1320 2176 1413 2214 Mai.
1437 2175 1487 2214 23
1516 2190 1551 2214 v.
1580 2176 1643 2214 51.

412 2271 420 2280 .
440 2272 448 2280 .
469 2246 599 2281 .rinus
629 2243 668 2280 in
699 2247 859 2282 Senatus
891 2244 1073 2282 consulto
1104 2243 1222 2282 Febr.
1248 2244 1295 2282 17
1327 2257 1363 2281 v.
1387 2244 1422 2282 9.

494 2367 650 2406 XVviri
680 2368 803 2406 sacris
833 2367 1045 2406 faciundis:

415 2449 450 2486 1.
495 2450 585 2498 imp.
612 2446 756 2486 Caesar
776 2447 973 2498 Auyustus
1004 2448 1069 2486 53.
1095 2447 1183 2486 103.
1220 2449 1307 2486 107.
1343 2449 1431 2487 115.
1468 2449 1557 2486 135.
1592 2447 1681 2486 139.
1716 2447 1806 2496 150,
1837 2447 1931 2486 item
1958 2447 2000 2485 in
2029 2447 2145 2499 fastis

551 2515 787 2567 Capitolinis
818 2529 868 2554 ex
898 2516 1099 2566 magistris
1129 2516 1299 2566 quinque
1328 2517 1489 2568 primus.
2199 2504 2202 2505 ⁷

414 2582 452 2622 2.
497 2583 551 2621 M.
575 2583 753 2635 A9rippa
784 2585 848 2622 44.
881 2584 945 2622 53.
980 2584 1069 2622 104.
1105 2585 1193 2622 107.
1230 2584 1317 2622 120.
1352 2585 1440 2623 132.
1476 2585 1565 2623 139.
1600 2585 1690 2622 150.
1724 2585 1813 2623 165.
1873 2582 2143 2623 Sacerdotium

552 2653 669 2690 habet
697 2653 787 2690 item
819 2652 958 2691 titulus
982 2651 1205 2691 Gnathinus
1238 2651 1281 2691 C.
1304 2652 1380 2700 IX,
1404 2651 1499 2690 262:
1533 2652 1623 2702 [M]
1643 2651 1858 2703 Aq'[rippae
1887 2651 1937 2691 L.
1957 2651 2013 2703 s.]
2041 2653 2146 2701 imp„

554 2721 600 2758 X
603 2720 619 2770 [
626 2720 751 2770 Vviro]
782 2732 880 2758 sacr.
903 2720 1127 2770 sa[ciund.].

417 2788 452 2826 3.
500 2787 545 2834 Q.
577 2788 730 2837 (Aelius
742 2787 780 2838 Ρ)
811 2788 953 2826 Tubero
988 2787 1076 2836 152,
1107 2788 1276 2827 fortasse
1306 2789 1441 2827 consul
1470 2803 1505 2827 a.
1529 2789 1618 2828 743.

415 2857 453 2893 4.
504 2856 547 2902 Q.
579 2855 798 2906 (Aemilius)
828 2855 1000 2905 Lepidus
1034 2856 1123 2904 150,
1154 2857 1312 2895 omnino
1345 2857 1485 2895 consul
1515 2870 1549 2894 a.
1573 2856 1663 2895 733.

417 2923 452 2961 5.
497 2923 546 2961 L.
578 2923 786 2962 Arruntius
817 2924 881 2962 45.
916 2924 1005 2962 151.
1064 2923 1278 2962 Consulem
1309 2938 1344 2962 a.
1368 2924 1445 2962 732
1484 2925 1594 2974 (nam
1623 2937 1710 2963 eum
1740 2924 1916 2975 intellegi
1945 2924 2024 2962 iam
2053 2936 2143 2962 con-

554 2992 652 3042 stat)
682 2993 773 3030 item
804 2991 927 3029 fuisse
949 2993 1301 3041 quindevimvirum
1324 2993 1497 3030 ostendit
1525 2992 1660 3031 titulus
1690 2992 1774 3030 eius
1803 2997 1981 3042 repertus
2000 2991 2145 3030 Atinae

553 3059 661 3098 Latii
692 3059 757 3109 (C.
777 3060 809 3097 Ι.
831 3059 878 3096 L.
900 3060 954 3106 X,
977 3059 1120 3109 5055):
1151 3060 1199 3097 L.
1224 3060 1429 3098 Arruntius
1459 3059 1508 3097 L.
1530 3061 1565 3108 f.
1589 3072 1676 3106 cos„
1709 3059 1847 3098 XVvir
1866 3061 2021 3098 sacrieis
2048 3058 2144 3109 (sic)
2202 3087 2207 3114 χ

545 3129 743 3177 faciundis
773 3130 870 3165 viam
891 3130 1041 3166 semitas
1061 3129 1301 3177 faciundum,
1332 3129 1522 3166 clovacam
1550 3128 1792 3177 reficiundam
1821 3126 1901 3177 d(e)
1929 3126 2036 3178 s(ua)
2059 3126 2145 3176 p(e-

555 3195 684 3246 cunia)
714 3198 869 3234 curavit.

421 3264 455 3302 6.
504 3264 544 3303 C.
566 3263 726 3302 Asinius
751 3264 888 3303 Gallus
921 3264 995 3302 107
1029 3264 1111 3313 (ubi
1133 3264 1310 3314 Asiniu[s
1336 3263 1521 3314 GJallus).
1557 3265 1629 3303 151
1664 3264 1749 3313 (ubi
1773 3264 1812 3303 C.
1836 3262 2024 3313 Asinius),
2054 3275 2145 3301 con-

557 3333 621 3370 sul
649 3345 683 3370 a.
703 3332 793 3370 746.
838 3332 903 3369 Ex
932 3332 994 3369 his
1024 3333 1123 3370 actis
1150 3345 1289 3371 nomen
1310 3333 1395 3370 eius
1415 3345 1493 3370 non
1514 3338 1575 3371 est
1595 3332 1804 3380 sublatum,
1834 3332 1913 3370 nisi
1941 3332 2042 3370 forte
2070 3337 2145 3370 ter·

555 3401 612 3438 tio
640 3400 727 3438 loco
759 3413 793 3438 v.
819 3400 894 3438 168
926 3400 1148 3438 nominatus
1179 3400 1263 3438 fuit.

423 3468 458 3507 7.
507 3468 545 3507 C.
578 3468 798 3518 (Caninius)
828 3468 984 3506 Rebilus
1019 3469 1107 3505 107.
1143 3468 1231 3516 152,
1261 3468 1432 3506 fortasse
1463 3468 1599 3507 consul
1630 3481 1664 3508 a.
1684 3467 1775 3507 742.
