2216 3796
432 294 527 340 344
1122 305 1482 338 ADDITAMENTA

430 422 539 458 sione
576 426 744 467 retenta,
780 420 896 468 quale
931 420 1199 468 expectaveris
1235 433 1258 456 a
1288 419 1372 457 viro
1408 419 1690 456 architecturae
1719 419 1852 468 potius
1881 431 1998 468 quam
2026 407 2162 470 epigr·

430 489 543 537 pbiae
575 488 711 535 perito.

537 555 795 604 Diagramma
826 554 920 591 nihil
949 554 1067 592 habet
1094 555 1198 603 quod
1233 553 1407 591 offendat
1443 566 1513 604 per
1548 553 1834 591 architecturae
1867 554 2063 597 rationes».
2103 553 2165 591 ni

428 622 544 671 quod,
577 627 618 658 ut
647 629 751 659 recte
781 622 857 658 iam
890 622 1114 659 observavit
1142 622 1430 668 Melchiorrius,
1461 633 1556 658 cava
1584 621 1623 658 in
1656 620 1850 670 lapidibus
1870 620 2090 660 Tiburtinis
2121 621 2132 659 i

428 691 511 726 cisa
540 689 713 726 cancello
744 688 893 726 aheneo
931 690 1060 737 potius
1095 701 1211 738 quam
1250 689 1378 739 ligneo
1414 688 1638 737 recipiendo
1675 693 1767 738 apta
1796 688 1990 727 videntur.
2039 688 2175 727 .Prae.

429 764 534 794 terea
563 769 688 806 neque
717 757 919 794 columnas
950 763 1098 794 stantes
1129 766 1195 795 aut
1224 763 1367 794 tectum
1397 757 1446 793 iis
1477 755 1766 805 superpositum
1797 757 1854 794 ita
1883 757 2007 794 visum
2037 767 2126 795 esse
2177 761 2182 764 '

428 823 588 861 Perutio
617 824 838 869 credemus3
875 824 942 861 sed
974 825 1012 861 in
1043 824 1183 862 talibus
1212 825 1467 862 architectum
1497 824 1582 861 eius
1611 823 1750 861 aetatis
1778 823 1936 874 ingenio
1964 811 2187 861 indulsissi?

428 896 733 929 consentaneum
764 898 835 929 est.
2178 935 2186 946 5

537 959 606 996 Eis
644 972 745 1008 quae
782 959 820 995 in
861 959 1004 996 scheda
1041 959 1272 997 Florentina
1306 965 1493 996 notantur
1531 959 1608 996 iam
1645 959 1788 996 dudum
1827 958 2074 998 observatum
2118 958 2191 1011 est}

427 1026 691 1076 comparanda
721 1035 810 1064 esse
839 1038 938 1075 quae
968 1026 1087 1064 tradit
1122 1032 1259 1063 auctor
1295 1026 1472 1075 aequalis
1508 1026 1584 1063 fide
1619 1025 1760 1076 dignus
1798 1025 2019 1065 Flaminius
2036 1016 2192 1094 :Vaccss

427 1093 615 1143 (memorie
643 1108 679 1132 n.
703 1094 753 1132 99
785 1094 844 1131 ed.
869 1092 1112 1143 Schreiber):
1143 1107 1197 1131 me
1226 1095 1376 1132 ricordo
1396 1095 1508 1141 fuori
1536 1093 1636 1130 della
1658 1094 1804 1131 sudetta
1822 1099 1938 1143 porta
1965 1083 2189 1142 (Portavi

427 1164 530 1199 circa
559 1162 630 1198 due
665 1162 780 1199 baone
815 1163 949 1211 miqlia
985 1163 1154 1208 lontano,
1192 1163 1283 1199 dove
1318 1162 1430 1209 hoqqi
1466 1163 1499 1198 si
1533 1162 1681 1199 chiama
1711 1161 2114 1210 Affoqalaeino'verso
2149 1159 2183 1198 il

428 1228 559 1266 Tevere
597 1231 636 1266 in
674 1232 764 1267 certi
802 1232 962 1267 carmem·
996 1229 1036 1266 al
1072 1235 1190 1279 tempo
1226 1229 1267 1265 di
1306 1228 1488 1277 Greqorio
1525 1229 1764 1266 decimoterzo
1801 1228 2106 1277 (1572—1585)
2151 1221 2198 1285 ³³}

417 1298 560 1345 furono
591 1299 725 1334 trovati
752 1298 855 1334 molti
884 1298 1026 1335 consoli
1056 1298 1096 1333 di
1124 1309 1283 1342 marmo,
1322 1299 1492 1334 ciascuno
1522 1297 1661 1333 kaveva
1696 1296 1726 1333 il
1759 1308 1826 1334 suo
1858 1295 2079 1344 piedietatlo
2113 1299 2199 1340 con

427 1364 460 1401 le
497 1365 636 1410 lettere,
670 1377 688 1401 e
717 1364 869 1402 calonne
904 1365 944 1401 di
978 1370 1098 1402 trenta
1125 1364 1246 1412 palmi
1282 1364 1423 1413 lunqha
1458 1355 1581 1409 l'una,
1616 1364 1656 1400 di
1684 1375 1824 1401 marma
1851 1363 2011 1412 qentile:
2036 1355 2201 1411 furones

426 1438 550 1480 seqate
579 1444 597 1468 e
626 1434 814 1469 servirono
851 1433 934 1470 alla
968 1432 1117 1481 capella
1151 1431 1411 1480 Gregoriana:
1451 1431 1478 1467 li
1513 1431 1654 1469 consoli
1683 1434 1717 1468 ai
1744 1443 1924 1480 sparsero
1959 1442 2032 1480 per
2059 1398 2199 1491 Romi}

425 1501 464 1536 in
493 1499 631 1537 diversi
661 1500 801 1548 luoqhi,
831 1512 892 1536 ma
922 1512 1037 1537 erano
1067 1500 1118 1536 da
1147 1501 1330 1537 mediocre
1356 1506 1516 1536 maestro
1547 1499 1722 1537 lavorati.
1835 1550 1837 1552 q

536 1567 656 1604 Vides
683 1568 722 1604 in
751 1567 974 1604 universum
1006 1567 1116 1616 (licet
1143 1567 1190 1604 de
1217 1579 1320 1604 anno
1347 1566 1541 1604 erravisse
1563 1566 1715 1604 videtur
1736 1565 1884 1615 Vacca)
1915 1565 2201 1605 narrationem

429 1640 631 1683 utramque
667 1635 765 1671 bene
801 1635 1026 1672 convenire:
1066 1635 1266 1673 columnas
1302 1635 1405 1672 altas
1434 1634 1558 1672 fuisse
1587 1634 1739 1691 palmos
1770 1633 1930 1684 triginta
1966 1634 2203 1688 secundum?t

425 1701 614 1749 vaccam,
666 1702 828 1752 triginta
870 1702 1040 1751 quinque
1085 1702 1298 1739 secundum
1344 1702 1547 1739 Perutium
1591 1701 1871 1740 dubitationem
1915 1713 1993 1740 non
2038 1693 2203 1754 movens

427 1768 588 1807 Statuas
619 1770 775 1807 coronis
807 1769 949 1817 spiceis
981 1770 1156 1819 insignes
1187 1777 1363 1819 repertas
1393 1781 1481 1806 esse
1511 1770 1560 1806 ab
1587 1769 1735 1819 optimo
1762 1776 1920 1807 auctore
1937 1768 2066 1807 Vacca
2084 1776 2201 1809 con-

425 1838 620 1883 firmatur;
650 1850 739 1874 num
768 1850 817 1874 ex
846 1837 944 1886 ipsis
972 1837 1163 1886 quaedam
1194 1837 1393 1875 etiamtum
1415 1837 1615 1887 supersint
1642 1837 1906 1886 quaerendum
1922 1835 1980 1886 ¹);
2010 1837 2058 1881 de
2088 1830 2213 1890 titu?¹

427 1904 476 1941 lis
507 1905 674 1954 denique
706 1905 813 1942 nulla
843 1917 1013 1954 unquam
1044 1905 1234 1942 dubitatio
1263 1916 1351 1942 esse
1380 1905 1517 1955 potuit.

535 1974 588 2008 At
618 1973 831 2010 narrationi
862 1985 964 2021 quae
994 1979 1106 2010 extat
1135 1973 1174 2010 in
1205 1972 1351 2010 scheda
1370 1971 1603 2009 Florentina
1631 1972 1746 2010 fidem
1774 1972 1932 2023 negavit
1948 1967 2212 2019 Henzenusf

425 2040 525 2076 inter
560 2040 763 2077 mendacia
791 2039 1005 2089 Ligoriana
1034 2053 1118 2078 eam
1149 2040 1392 2078 referendam
1424 2052 1512 2078 esse
1543 2051 1719 2077 censens.
1779 2038 1895 2087 Quod
1924 2039 1990 2089 qui
2019 2034 2178 2078 contem
2208 2061 2216 2086 „3

425 2107 543 2152 derit,
580 2108 615 2144 ei
647 2114 714 2144 aut
743 2108 985 2157 probandum
1025 2113 1101 2155 est,
1137 2108 1336 2146 offendere
1373 2120 1471 2157 quae
1505 2108 1545 2145 in
1582 2120 1630 2145 ea
1663 2106 1867 2145 tradantur
1900 2119 1970 2157 per
2004 2107 2177 2165 rationes

1650 2182 1653 2184 ·
2202 2174 2216 2200 *4

2212 2248 2216 2266 i

526 2296 555 2336 ¹)
584 2298 763 2329 Henzenus
789 2297 879 2339 quod
905 2298 1054 2340 scripsit:
1083 2290 1216 2330 ‘carent
1242 2298 1333 2330 omni
1366 2298 1604 2339 probabilitate
1636 2307 1676 2329 ea
1708 2306 1794 2339 quae
1826 2297 1869 2328 de
1900 2306 2023 2330 novem
2056 2269 2216 2330 statuis}

423 2362 621 2390 narrantur:
650 2368 736 2399 quae
763 2359 789 2390 si
816 2368 894 2390 vere
920 2359 955 2390 in
981 2359 1174 2390 suburbano
1201 2358 1354 2391 Gallettii
1380 2358 1522 2391 effossae
1548 2363 1671 2399 essent,
1697 2367 1758 2390 nec
1783 2357 1909 2390 Ursino
1934 2367 1998 2390 nec
2020 2357 2175 2390 Manutio
2211 2340 2216 2387 i

423 2420 558 2460 ignotae
584 2413 800 2451 mansissent'
833 2419 915 2451 mihi
942 2429 1010 2451 non
1038 2419 1210 2461 probatur.
1269 2420 1379 2452 Unica
1411 2420 1547 2462 quidem
1581 2423 1736 2461 protome
1762 2418 1891 2452 Romae
1922 2419 2024 2452 hodie
2055 2418 2216 2454 extans

422 2489 508 2520 quae
533 2480 775 2521 imperatorem
801 2485 1032 2522 repraesentat
1057 2482 1171 2522 spicea
1197 2490 1324 2513 corona
1348 2481 1525 2523 insignem,
1553 2481 1628 2512 dico
1656 2481 1801 2522 Augusti
1827 2484 1928 2521 caput
1951 2480 1987 2513 in
2006 2481 2174 2513 Vaticano
2194 2474 2216 2498 ᾗ

422 2545 590 2572 servatum
626 2541 792 2581 (Visconti
825 2539 939 2573 Museo
966 2539 1263 2573 Pio-Clementini>
1290 2542 1340 2573 VI
1374 2547 1439 2574 tav.
1461 2541 1503 2573 37
1531 2552 1564 2583 p.
1587 2542 1654 2574 193
1673 2552 1740 2584 sq.;
1778 2541 1901 2583 Helbig
1932 2539 2013 2572 rd'm.
2040 2539 2175 2573 Mmen

422 2602 438 2632 Ι
463 2612 495 2643 p.
517 2601 599 2642 220)
633 2602 677 2633 ad
703 2602 790 2634 hanc
816 2603 937 2634 seriem
964 2603 1132 2643 pertinere
1163 2613 1232 2634 non
1259 2608 1386 2644 potest:
1422 2604 1482 2635 sed
1512 2603 1698 2635 notandum
1732 2602 1823 2645 quod
1856 2602 1954 2635 addit
1978 2601 2174 2634 Viscontius
2200 2632 2206 2633 ⁷

422 2662 457 2701 (l.
477 2673 505 2694 c.
532 2673 565 2704 p.
588 2663 654 2695 194
682 2674 713 2695 n.
734 2663 786 2702 3):
814 2657 863 2694 ‘il
883 2674 907 2706 3(
934 2675 955 2695 a
980 2662 1065 2695 dans
1091 2659 1242 2695 l'atelzer
1274 2663 1318 2695 du
1344 2646 1510 2707 scuipteur
1535 2662 1584 2695 M.
1611 2662 1828 2696 Ferdinando
1853 2661 2063 2695 Lisambrom‘
2091 2662 2175 2695 deux
2207 2669 2210 2680 ²

422 2720 500 2755 tetes
534 2721 738 2763 trba-belles,
775 2724 833 2766 qui
854 2722 1075 2767 representem
1100 2722 1345 2756 Mare-Aurae
1376 2729 1407 2756 et
1430 2723 1558 2757 Lucius
1581 2722 1698 2764 Verus,
1735 2728 1807 2756 tous
1831 2723 1917 2756 dm
1933 2724 2066 2768 jeunee,
2098 2735 2172 2756 cou-
2208 2724 2213 2725 ⁷

421 2788 509 2816 verts
534 2781 613 2816 d'un
638 2785 742 2825 voile,
776 2789 808 2817 et
831 2783 1011 2817 couronne's
1036 2780 1145 2828 d’e'pis
1170 2795 1287 2817 comme
1313 2785 1360 2817 les
1374 2783 1488 2827 freres
1514 2781 1688 2818 Arvales'.
1739 2786 1812 2818 Hae
1837 2785 1973 2828 quidem
1999 2789 2174 2827 protomus
2208 2812 2214 2831 ξ

424 2846 577 2877 diversae
604 2847 670 2878 sint
695 2856 832 2878 necesse
859 2851 908 2878 est
934 2847 975 2878 ab
1002 2847 1049 2878 eis
1075 2856 1161 2888 quae
1186 2857 1276 2878 nunc
1301 2847 1523 2879 adservantur
1541 2847 1679 2879 Parisiis
1704 2847 1740 2878 in
1766 2855 1883 2879 museo
1901 2846 2047 2888 publico,
2073 2851 2174 2879 antea
2200 2835 2216 2892 Ξ

422 2907 456 2937 in
483 2907 621 2938 castello
648 2907 783 2939 Ecouen
817 2905 942 2947 (Musee
967 2905 1142 2950 Napole'on
1175 2907 1246 2945 111,
1281 2908 1336 2939 50.
1366 2909 1431 2947 573
1465 2908 1640 2940 Bernoulli
1672 2907 1765 2940 Ro'm.
1791 2905 2038 2951 Ikonoqrapln'c
2070 2907 2123 2948 11,
2151 2908 2172 2939 2

421 2978 454 3008 p.
477 2968 544 2999 144
570 2978 603 2999 n.
623 2967 685 3008 463
713 2979 746 3010 p.
767 2969 834 3000 209
861 2979 894 3000 n.
915 2967 986 3008 32),
1015 2968 1074 3000 sed
1101 2978 1167 3009 quo
1192 2969 1408 3010 pervenerint
1433 2969 1618 3011 ignoratur.
1668 2968 1864 3001 Videndum
1889 2969 1970 3000 item
1995 2968 2038 3000 de
2063 2968 2173 3009 capito
2198 2975 2202 2998 ς

422 3027 623 3067 (colosseum
650 3029 731 3060 dicit
756 3029 931 3061 Bernoulli
957 3028 1084 3069 errore)
1118 3029 1209 3071 quod
1235 3029 1318 3061 olim
1352 3030 1416 3061 fuit
1440 3030 1570 3062 Romae
1602 3030 1639 3062 in
1665 3029 1746 3061 villa
1769 3014 2050 3069 Matthaeiorux'n,
2082 3038 2172 3061 nunc
2187 3012 2213 3059 ⁴3:

421 3093 515 3121 extat
546 3090 707 3122 Londinii
739 3091 774 3122 in
806 3099 922 3122 museo
949 3089 1146 3122 Britannico
1181 3088 1408 3133 (Description
1440 3090 1480 3132 ῳ(
1506 3090 1557 3123 tlte
1588 3101 1661 3122 anc.
1688 3088 1830 3122 marbles
1855 3090 1898 3130 V,
1926 3090 1965 3129 93
1997 3089 2171 3122 Bernoulli
2198 3089 2216 3127 ἓξ

421 3148 667 3193 Ikonoqraphie
693 3151 748 3192 ΙΙ,
776 3152 795 3182 2
822 3162 855 3192 p.
879 3150 942 3182 171
973 3162 1004 3182 n.
1025 3150 1096 3191 63).
1156 3151 1250 3183 Haec
1276 3161 1343 3183 non
1370 3152 1607 3193 praetermissa
1633 3156 1709 3183 sunt
1734 3151 1775 3183 ab
1802 3160 1842 3182 ea
1873 3160 1959 3192 quae
1990 3160 2097 3193 nuper
2129 3151 2210 3182 de«¹

422 3211 604 3242 Arvalibus
630 3211 787 3243 disseruit
813 3212 922 3251 docte,
949 3216 986 3243 ut
1008 3213 1148 3251 adsolet,
1177 3217 1209 3243 et
1228 3213 1408 3254 eleganter,
1433 3213 1580 3244 Hersilia
1598 3211 1923 3244 Caetani-Lovatelli
1950 3222 1978 3243 c.
1996 3211 2022 3243 f.
2048 3211 2076 3251 (i
2089 3210 2169 3253 fra-

422 3270 494 3302 telli
516 3271 639 3304 Arvali
663 3282 679 3304 e
704 3272 732 3305 il
757 3272 827 3304 loro
854 3273 1025 3305 santuario
1052 3283 1069 3305 e
1095 3271 1190 3305 bosco
1216 3283 1313 3305 sacro
1339 3273 1429 3319 sulla
1453 3274 1510 3305 via
1532 3271 1711 3316 Campana,
1739 3282 1781 3304 ex
1807 3271 2022 3313 ephemeride
2047 3269 2170 3304 Naeva

422 3331 603 3375 Antoloqia
620 3333 676 3365 III
695 3333 730 3366 S.
750 3334 815 3365 vol.
833 3333 878 3365 30
903 3335 1023 3365 iterum
1051 3344 1246 3375 expressum
1274 3334 1309 3366 in
1327 3335 1496 3366 volumine
1515 3333 1732 3366 Miscellanea
1749 3330 1982 3375 archeoloqica
2003 3343 2036 3374 p.
2050 3334 2166 3365 222-
2183 3340 2187 3344 ’

423 3392 515 3432 248).
