2216 3796
405 329 502 376 234
1219 344 1347 378 ACTA

668 731 945 771 LVDORVM
982 732 1227 774 AVGVSTI
1266 732 1663 773 SAECVLARIVM
1701 733 1890 775 ORIGO.

508 868 642 907 Ludos
672 869 894 908 saeculares
929 870 1140 909 celebravit
1168 872 1389 921 Augustus,
1428 875 1470 908 ut
1505 882 1625 920 supra
1654 871 1846 920 diximus,
1886 872 2162 925 obtemperans
2201 865 2211 888 ³

398 937 561 975 carmini
593 936 789 987 Sibyllino
821 938 926 987 quod
955 945 1083 986 extat3
1125 939 1164 977 id
1196 939 1354 989 quando
1384 938 1530 976 editum
1561 938 1611 977 sit
1641 944 1680 977 et
1708 952 1786 990 quo
1817 946 1968 992 spectet
1995 941 2163 993 primum
2193 922 2202 993 ,ἰ

398 1005 676 1054 explicandum
713 1011 784 1042 est.
843 1006 1033 1044 Traditur
1068 1007 1172 1056 apud
1202 1007 1462 1057 Phlegontem
1501 1007 1672 1045 macrob.
1694 1008 1720 1045 4
1754 1014 1793 1046 et
1826 1008 1919 1047 inde
1951 1009 2162 1060 repetitum
2194 1003 2197 1028 3

398 1073 500 1123 apud
531 1073 732 1112 Zosimum
761 1073 798 1122 2,
821 1074 857 1112 6.
903 1074 1161 1124 Phlegontem
1194 1075 1369 1112 carmina
1399 1075 1475 1113 duo
1506 1075 1554 1112 de
1582 1075 1776 1125 longaeva
1796 1073 1964 1127 Sibylla,
1993 1068 2161 1128 quorum
2188 1095 2197 1099 ¹*

396 1143 471 1179 hoc
500 1154 619 1179 unum
649 1146 722 1188 est,
753 1142 942 1190 adlatum,
973 1149 1015 1180 ut
1044 1142 1334 1181 demonstretur
1364 1143 1482 1192 εγενεᾷ
1512 1141 1706 1193 Sibyllam
1736 1144 1960 1196 significare
1988 1144 2160 1199 spatium
2194 1152 2199 1198 ᾗ

396 1222 587 1248 annorum
618 1208 708 1255 CX,
744 1211 835 1248 item
873 1211 1030 1248 tertium
1067 1211 1115 1248 de
1144 1211 1373 1262 androgyno
1410 1211 1577 1249 relatum
1613 1211 1654 1249 in
1690 1197 1995 1263 mirabilibuss)
2025 1219 2161 1265 aperte
2190 1244 2209 1271 8

396 1291 445 1316 ex
475 1277 610 1315 eodem
642 1284 801 1316 auctore
832 1284 1028 1329 sumptum
1064 1292 1142 1316 non
1173 1292 1224 1316 ex
1254 1279 1461 1317 annalibus
1492 1279 1665 1317 traxisse
1695 1280 1867 1318 dubitari
1900 1290 1980 1319 non
2014 1286 2160 1331 potest,

395 1358 481 1384 cum
512 1346 714 1384 tradantur
733 1346 860 1384 forma
888 1347 1090 1397 primitiva
1111 1346 1286 1393 Graeca3
1317 1346 1420 1384 unde
1441 1359 1489 1385 ea
1510 1347 1687 1395 traxerit,
1718 1347 1931 1398 quaeritur.
1975 1348 2031 1387 Et
2049 1347 2158 1387 Diel·
2196 1377 2201 1391 ,

395 1414 477 1452 sius
508 1414 665 1464 quidem
696 1414 735 1451 in
767 1415 925 1464 egregio
956 1415 1237 1452 commentario
1267 1428 1392 1465 nuper
1421 1415 1527 1453 edito
1558 1415 1624 1465 qui
1653 1415 1879 1454 inscribitur
1906 1413 2160 1467 sibyllinieche
2190 1403 2216 1489 ἶ.

393 1481 544 1520 Βῑᾶτιεν
573 1482 767 1531 (Berolini
794 1482 919 1532 1890)
948 1496 987 1532 p.
1009 1483 1061 1520 24
1092 1495 1140 1520 ea
1167 1482 1315 1521 iudicat
1343 1482 1540 1532 proficisci
1569 1495 1621 1521 ex
1650 1483 1818 1522 historia
1835 1483 2056 1523 Posidonii.
2104 1475 2216 1534 At‘'·,<i

393 1550 511 1599 longe
541 1550 787 1599 probabilius
811 1550 1142 1589 Wilamowitzius
1172 1551 1376 1588 existimat
1405 1556 1443 1587 et
1473 1551 1548 1588 tria
1575 1550 1646 1588 illa
1666 1551 1844 1589 carmina
1872 1558 1911 1590 et
1939 1564 2040 1602 quae
2069 1565 2157 1591 cum

393 1618 507 1655 tertio
544 1618 777 1656 coniunctae
813 1624 906 1656 sunt
939 1618 1185 1656 narrationes
1222 1619 1269 1656 de
1305 1618 1549 1669 androgynis
1587 1618 1677 1657 aliis
1711 1619 1760 1657 fr.
1793 1619 1968 1660 33—38
2004 1626 2043 1658 et
2077 1620 2159 1660 alia

392 1687 510 1737 plura
545 1687 607 1724 his
644 1686 875 1724 tractatibus
909 1687 1060 1724 inserta
1091 1691 1249 1737 sumpta
1277 1698 1369 1725 esse
1404 1699 1454 1723 ex
1486 1685 1633 1725 Graeci
1668 1686 1875 1726 cuiusdam
1904 1687 2157 1728 collectaneis

393 1755 441 1791 de
471 1754 667 1792 miraculis
698 1754 746 1792 iis
775 1755 888 1805 ipsis,
919 1767 1019 1805 quae
1039 1755 1218 1793 adhibuit
1247 1755 1288 1791 in
1318 1754 1512 1792 naturalis
1541 1754 1733 1793 historiae
1762 1754 1863 1795 libro
1880 1755 2052 1806 septimo
2072 1756 2155 1795 Pli-
2181 1756 2201 1776 Ψ

391 1823 480 1860 nius
496 1821 547 1871 2).
606 1821 705 1860 Utut
735 1829 813 1869 est,
849 1822 1008 1860 oracula
1037 1823 1108 1860 illa
1139 1829 1179 1860 ut
1210 1822 1294 1860 sine
1326 1822 1447 1860 dubio
1486 1821 1649 1860 redeunt
1678 1821 1726 1860 ad
1757 1829 1955 1863 auctorem
1985 1823 2154 1875 aliquem
2190 1847 2197 1879 3

390 1890 594 1937 idoneum,
639 1890 695 1928 ita
730 1891 842 1928 cuius
878 1890 1020 1929 aetatis
1056 1891 1135 1928 sint
1170 1902 1221 1928 ex
1255 1890 1356 1940 ipsis
1397 1890 1667 1928 tantummodo
1703 1890 1956 1930 determinari
1994 1892 2154 1942 poterit.
2202 1887 2205 1891 ⁴

390 1958 803 2008 Hermaphroditicum
833 1959 895 1996 vel
926 1959 1056 2009 potius
1087 1958 1462 2008 Hermaphroditica
1490 1957 1566 1996 duo
1587 1958 1768 1997 Dielsius
1799 1958 1950 1998 rettulit
1977 1959 2029 1997 ad
2058 1964 2152 1998 tem-

389 2039 487 2076 pora
516 2026 609 2064 belli
628 2026 883 2064 Hannibalici
912 2027 1134 2065 rationibus
1166 2038 1260 2064 usus
1291 2026 1483 2077 speciosis
1512 2026 1640 2078 magis
1662 2039 1781 2076 quam
1802 2025 1981 2077 veris³);
2009 2027 2086 2066 hoc
2105 2028 2154 2066 de
2207 2046 2216 2079 ·,η

389 2107 467 2144 quo
495 2094 609 2132 nobis
639 2095 833 2144 agendum
854 2100 928 2141 est,
958 2101 997 2132 et
1027 2095 1308 2133 sententiarum
1339 2095 1495 2146 argutia
1524 2100 1562 2132 et
1589 2094 1750 2145 linguae
1779 2095 1971 2146 metrique
1999 2095 2167 2146 elegan:
2210 2103 2216 2142 ξ

389 2163 444 2200 tia
473 2162 542 2200 illo
571 2162 691 2214 longe
720 2163 985 2214 praestantius
998 2162 1038 2212 4)
1068 2162 1250 2213 Phlegon
1276 2162 1412 2201 scribit
1439 2163 1511 2199 ταῖν
1535 2156 1755 2214 συμμάχων
1784 2159 1907 2201 αὐτῶν
1935 2155 1998 2200 καὶ
2026 2177 2149 2200 κοιιιω-

489 2416 520 2457 1)
557 2417 615 2449 Fr.
635 2416 679 2449 39
706 2417 803 2449 Miill.
847 2417 901 2449 De
928 2417 1103 2449 consulatu
1128 2417 1177 2449 ita
1201 2417 1236 2448 in
1263 2416 1378 2448 codice
1405 2417 1548 2458 scripto:
1576 2408 1713 2461 Μάρκου
1738 2412 1916 2449 Πλαυτίου
1940 2414 1996 2450 καὶ
2019 2413 2149 2460 Σέξτου
2208 2420 2216 2462 'j

387 2472 574 2523 Καρμινίου
594 2471 739 2520 Ὑψαίου
764 2473 818 2509 καὶ
844 2470 981 2522 Μάρκου
1008 2474 1182 2517 Φουλβίου
1208 2477 1250 2510 Ο.
1276 2478 1472 2510 Hirschfeld
1504 2482 1536 2510 et
1560 2477 1658 2511 Diels
1682 2479 1705 2510 l.
1723 2489 1751 2511 c.
1778 2489 1812 2520 p.
1831 2479 1853 2511 3
1885 2483 2026 2512 eatenus
2057 2484 2148 2513 recte
2198 2470 2216 2525 ,⁷

386 2540 629 2581 iudicaverunt,
657 2540 748 2582 quod
775 2539 877 2572 verba
902 2536 1029 2582 Σέξτου
1055 2535 1241 2583 Καρμινίου
1269 2539 1426 2572 viderunt
1452 2549 1525 2572 esse
1551 2539 1627 2572 loco
1653 2543 1747 2572 mota
1773 2544 1806 2572 et
1829 2540 2012 2574 inserenda
2037 2542 2148 2575 verbis

386 2612 472 2643 quae
505 2601 712 2643 praecedunt
743 2601 974 2643 spectantibus
1008 2601 1053 2633 ad
1085 2601 1240 2633 consules
1272 2601 1351 2632 anni
1382 2601 1467 2633 116:
1503 2597 1647 2633 Λουκίου
1670 2597 1789 2646 Λαμία
1820 2599 1874 2633 καὶ
1898 2600 2063 2636 Δῐλιανοῧ
2093 2601 2147 2636 καὶ
2207 2615 2216 2654 5*

387 2659 445 2695 Ου’
451 2660 569 2706 ἔτερος,
597 2663 657 2694 sed
683 2663 719 2694 in
746 2672 785 2694 eo
812 2666 1021 2702 erraverunt,
1049 2663 1139 2704 quod
1166 2662 1331 2704 collegam
1358 2663 1397 2694 L.
1424 2662 1564 2694 Lamiae
1591 2663 1730 2695 Aeliani
1755 2663 1973 2696 crediderunt
1997 2665 2147 2707 appellas
2202 2666 2216 2706 s*

386 2729 455 2755 tum
482 2733 554 2756 esse
579 2724 617 2756 L.
639 2724 827 2756 Antistium
845 2725 1021 2756 Veterem:
1048 2724 1153 2756 immo
1178 2724 1318 2765 plenum
1344 2733 1470 2755 nomen
1496 2724 1568 2756 eius
1593 2733 1702 2766 nuper
1720 2725 1896 2757 inventum
1920 2725 1958 2758 in
1976 2725 2077 2758 titulo
2103 2735 2147 2758 ex

386 2785 503 2817 castris
535 2785 685 2827 equitum
719 2785 939 2827 singularium
973 2786 1009 2817 in
1035 2785 1117 2817 urbe
1150 2785 1328 2817 eruderato
1362 2784 1518 2823 (Fiorelli
1541 2782 1623 2817 Not.
1651 2784 1743 2828 deqli
1767 2786 1863 2819 scavi
1890 2786 1982 2819 1885
2007 2783 2043 2829 μ’
2062 2786 2144 2827 526)

384 2847 494 2888 ipsum
521 2851 571 2879 est
596 2847 687 2889 quod
712 2847 897 2889 requiritur
924 2844 1000 2878 Sex.
1026 2844 1213 2878 Carminius
1237 2844 1346 2878 Vetus.

485 2905 517 2947 2)
556 2907 770 2949 Intellegitur
801 2908 895 2939 locus
927 2908 998 2939 eius
1035 2908 1077 2939 de
1111 2908 1284 2950 longaevis
1318 2909 1349 2947 7,
1377 2908 1441 2947 48,
1472 2906 1539 2939 153
1567 2923 1611 2929 —-
1640 2917 1668 2939 c.
1695 2907 1759 2948 50,
1788 2908 1868 2940 164.
1921 2907 2144 2941 Communem

384 2973 556 3001 auctorem
580 2969 730 3011 produnt
754 2969 911 3011 inprimis
938 2979 1024 3011 quae
1051 2974 1084 3000 et
1109 2969 1242 3001 Plinius
1268 2974 1299 3000 et
1325 2968 1481 3010 Phlegon
1506 2968 1651 3001 afferunt
1676 2969 1718 3001 de
1736 2969 1976 3011 Arganthonio
2001 2969 2144 3002 laudan-

383 3035 433 3062 tes
458 3034 598 3072 uterque
624 3031 896 3070 Anacreontem‚
931 3035 963 3062 et
989 3040 1075 3072 quae
1101 3031 1269 3072 excerpsit
1299 3034 1439 3072 uterque
1471 3039 1514 3062 ex
1541 3029 1664 3063 tabulis
1689 3030 1851 3063 censoriis
1877 3030 1996 3064 aetatis
2017 3031 2144 3074 Vespa—

384 3092 512 3124 sianae.
2184 3134 2187 3138 .

486 3150 517 3193 3)
557 3153 611 3185 De
641 3153 705 3185 hac
737 3153 934 3195 quaestione
967 3153 1063 3194 gravi
1096 3157 1128 3184 et
1162 3152 1294 3185 difficili
1327 3152 1393 3185 hoc
1424 3153 1500 3185 loco
1534 3152 1706 3195 disputare
1739 3153 1838 3185 nolo:
1871 3157 2026 3185 extrema
2049 3143 2144 3197 Τρῶς

385 3205 606 3255 δῆτ’ἔκλῦσει
639 3225 677 3245 σε
703 3211 813 3255 κακῶν,
847 3202 914 3259 ἅμα
948 3209 982 3244 δ’
1005 3207 1178 3250 Ἑλλάδος
1213 3211 1243 3245 ἐκ
1273 3211 1330 3257 γῆς
1356 3215 1413 3256 qui
1438 3214 1539 3256 legit,
1574 3223 1642 3246 non
1675 3214 1798 3256 poterit
1829 3223 1899 3246 non
1924 3214 2074 3257 cogitare
2100 3214 2143 3246 de
2172 3204 2216 3254 ’χε

385 3275 555 3307 Troianae
579 3276 690 3317 gentis
716 3276 788 3307 viro
816 3285 858 3307 ex
884 3275 1027 3307 Hellade
1054 3276 1239 3307 adventum
1266 3275 1309 3307 ad
1335 3275 1478 3307 salutem
1503 3275 1552 3307 rei
1582 3275 1738 3316 publicae
1764 3279 2007 3317 conquassatae
2031 3274 2141 3307 feren·
2209 3271 2211 3273 ’

385 3336 462 3368 dam
489 3341 521 3368 et
546 3337 728 3378 significari
755 3335 871 3369 Sullae
896 3336 1041 3368 reditum
1068 3346 1110 3368 ex
1138 3336 1289 3378 partibus
1316 3336 1467 3369 orientis.

483 3395 516 3437 ⁴¹)
554 3398 722 3430 Iudicium
748 3398 813 3430 hoc
840 3402 890 3430 est
908 3389 1179 3430 Wilamowitziiss
1221 3397 1319 3430 Idem
1344 3401 1461 3430 monet
1485 3408 1517 3429 v.
1537 3398 1558 3430 3
1585 3398 1801 3430 scribendum
1818 3406 1908 3430 esse:
1936 3393 2136 3441 μεμνῆσθαι,

382 3452 534 3503 Ῥωμαῖε,
561 3456 614 3491 καὶ
641 3457 670 3490 εἰ
695 3450 789 3503 μάλα
813 3451 935 3500 λη’σεαι
961 3450 1058 3496 αὐτός
1084 3462 1117 3491 et
1142 3458 1207 3491 hoc
1233 3458 1416 3501 significari
1442 3459 1571 3491 nullum
1598 3459 1733 3501 quidem
1753 3457 1946 3492 Romanum
1971 3457 2138 3491 eiusmodi
2175 3462 2179 3465 “
2204 3470 2216 3520 j

2174 3526 2216 3796 5
