2216 3796
464 321 532 354 AD
567 319 728 356 Lvnos
765 319 1082 355 SAECVLARES
1119 321 1456 356 PERTINENTES
1757 307 1853 354 313

285 436 393 476 facto
422 437 471 474 ad
502 437 679 476 Tiberim
709 437 818 485 (acta
846 449 881 475 v.
907 436 1014 486 115).
1061 437 1208 475 Eadem
1241 450 1304 476 res
1336 438 1440 476 binis
1471 437 1577 488 typis
1608 449 1686 475 non
1717 437 1854 475 eodem

288 505 404 543 modo
433 517 630 555 expressa
658 518 735 544 non
767 504 944 550 offendit,
984 518 1073 543 nam
1110 505 1267 556 frugum
1307 506 1575 556 acceptionem
1607 518 1729 556 supra
1758 506 1855 544 vidi-

287 585 373 612 mus
404 573 466 612 bis
499 574 606 612 varie
637 579 990 623 repraesentatam3
1028 573 1099 611 sed
1135 574 1245 611 aedis
1282 574 1449 612 formam
1490 575 1530 612 in
1561 575 1714 612 duobus
1747 587 1855 612 num-

285 642 361 680 mis
401 641 559 680 differre
595 641 802 680 molestum
842 647 914 679 est.
974 640 1079 679 Fieri
1122 643 1242 692 igitur
1282 648 1428 691 potest,
1471 649 1512 679 ut
1551 643 1660 692 prior
1700 649 1853 680 tantum

247 727 249 731 ¹
284 722 467 750 nummus
502 710 559 761 (h.
583 710 652 749 Ga.
683 709 754 760 fib)
794 710 871 748 huc
901 710 1112 759 pertineat,
1153 710 1350 748 secundus
1381 711 1439 759 (n.
1464 711 1508 760 7)
1546 711 1774 749 referendus
1805 712 1856 749 sit

285 778 334 816 ad
365 779 603 818 sacrificium
634 779 739 817 tertii
770 778 846 816 diei
878 778 1072 827 placentis
1102 778 1261 816 factum.

193 845 422 886 Secundum
451 847 554 886 diem
583 847 728 885 festum
761 847 847 884 sine
876 846 996 884 dubio
1026 853 1312 884 commemorat
1343 859 1524 886 nummus
1554 860 1700 886 aeneus

162 929 203 954 n.
223 915 248 954 8
278 914 435 965 (Cohen
475 929 514 954 n.
542 915 632 965 80):
677 914 745 953 Ad
781 915 910 953 aedem
950 921 1130 965 quattuor
1172 914 1431 954 columnarum
1478 915 1762 955 Corinthiarum
1798 917 1854 966 (in

271 985 458 1034 sastiqio:
489 985 648 1032 corona)
677 985 738 1021 vir
774 989 925 1033 toyatus
955 983 1180 1033 (imperator
1207 990 1247 1021 ut
1274 983 1443 1034 videtur)
1480 991 1586 1022 stans
1622 998 1650 1022 s.
1684 985 1854 1023 volumen

284 1060 431 1100 tenens,
461 1053 498 1090 d.
529 1059 681 1091 extensa
710 1052 930 1102 adloquitur
958 1058 1035 1090 tres
1064 1051 1284 1100 mulieresl)
1312 1053 1470 1101 genibus
1498 1056 1631 1099 nixas,
1669 1067 1767 1103 quae
1795 1067 1853 1091 ve-

280 1121 371 1160 latis
400 1121 590 1171 capitibus
618 1121 927 1172 supplicibusque
954 1121 1128 1158 mnibus
1157 1121 1212 1158 ad
1239 1122 1346 1159 aedis
1371 1122 1524 1170 ‘qradus
1551 1129 1771 1171 precantur.

349 1189 508 1240 Typum
549 1190 599 1228 ad
637 1189 754 1228 ludos
792 1189 1018 1228 saeculares
1057 1189 1275 1240 generatim
1313 1195 1463 1228 tantum
1501 1190 1652 1228 rettulit
1686 1190 1854 1236 Eckhel,

282 1270 409 1309 neque
439 1258 563 1297 aliter·
582 1259 729 1309 potuit,
759 1270 848 1296 cum
881 1271 1012 1296 veram
1042 1258 1408 1308 interpretationem
1439 1271 1542 1297 nunc
1572 1259 1730 1297 demum
1761 1272 1853 1309 sup-

280 1325 458 1378 peditent
486 1333 663 1366 actorum
686 1327 805 1365 verba
834 1326 889 1376 (v.
918 1326 992 1364 123
1007 1326 1138 1376 seqq.)
1171 1326 1249 1365 CX
1262 1327 1448 1365 matribus
1468 1327 1684 1377 samil[ia]s
1712 1331 1854 1378 nuptis,

279 1395 415 1445 quibus
453 1395 729 1446 denun[tiatum
762 1397 846 1445 fuit
880 1402 921 1434 ut
958 1398 1213 1442 convenirent,
1254 1398 1346 1445 imp.
1389 1395 1535 1434 Caesar
1569 1395 1768 1446 Auqustus
1780 1395 1853 1446 (?)]

278 1465 408 1515 praeit
441 1466 482 1503 in
516 1465 610 1503 haec
642 1464 778 1502 verba.-
814 1466 909 1503 Iuno
943 1467 1097 1514 nyma,
1132 1471 1195 1502 ast
1223 1465 1318 1514 quid
1345 1471 1400 1503 est
1429 1464 1569 1515 qu[o]d
1601 1465 1753 1515 meli[us
1784 1468 1854 1503 siet

274 1533 422 1584 populo
449 1533 621 1572 Romano
653 1533 879 1581 Quiritibus,
909 1562 918 1572 .
938 1562 945 1571 .
966 1562 975 1571 .
1004 1540 1142 1571 matres
1163 1533 1361 1583 familias]
1390 1541 1532 1583 nuptae
1557 1535 1713 1584 yenibus
1741 1537 1855 1572 nixae

279 1606 313 1640 te
341 1601 415 1652 u[ti
437 1603 550 1653 saxis
579 1615 806 1653 quaesumus
838 1614 1136 1652 precamurque,
1170 1604 1227 1639 uti
1255 1609 1328 1640 cet.
1394 1601 1592 1641 Nummus
1622 1603 1741 1653 igitur
1772 1615 1853 1640 ma-

271 1676 419 1710 ‘tronus‘
454 1677 730 1722 repraesentat
765 1677 857 1710 ante
896 1671 1032 1710 aedem
1071 1671 1236 1718 Iunonis
1277 1671 1437 1723 reginae
1476 1677 1690 1722 praeeunte
1730 1671 1852 1720 impe-

278 1745 413 1778 ratore
441 1739 554 1778 deam
585 1742 831 1779 invocantes.
882 1739 1068 1779 Ceterum
1099 1740 1200 1778 hanc
1231 1740 1393 1778 secundi
1415 1739 1493 1777 diei
1524 1740 1851 1778 caerimoniarum

279 1814 432 1859 partem
461 1822 541 1847 non
573 1809 658 1847 sine
687 1821 810 1847 causa
838 1815 1176 1860 repraesentatam
1209 1821 1298 1847 esse
1330 1815 1443 1859 puto;
1483 1822 1573 1847 nam
1605 1809 1706 1847 inter
1737 1809 1851 1847 bovis

277 1876 451 1916 feminae
485 1878 797 1923 immolationem
830 1878 970 1916 Iunoni
1000 1878 1143 1915 factam
1175 1885 1215 1915 et
1244 1878 1357 1916 bovis
1389 1878 1511 1916 maris
1542 1878 1780 1915 sacrificium
1813 1878 1852 1915 in

280 1958 440 1984 nummo
469 1959 508 1984 n.
530 1947 555 1985 5
585 1947 664 1984 iam
701 1952 1041 1998 repraesentatum
1077 1947 1287 1985 discrimen
1319 1947 1468 1985 nullum
1499 1946 1643 1985 fuisset
1671 1947 1711 1984 in
1741 1960 1852 1985 num·

278 2026 433 2054 morum
462 2015 714 2066 imaginibus.

183 2082 348 2122 Tertiae
378 2084 509 2123 noctis
539 2084 776 2122 sacrificium
807 2090 1092 2122 commemorat
1121 2097 1303 2122 nummus
1332 2097 1481 2123 aeneus

155 2157 194 2190 n.
217 2150 242 2190 9
274 2150 432 2202 (Cohen
463 2166 501 2192 n.
524 2152 618 2203 84):
659 2153 875 2203 Imperator
912 2159 1062 2203 togatus
1103 2154 1139 2190 d.
1176 2159 1351 2203 pateram
1389 2159 1515 2191 tenens
1551 2154 1607 2192 ad
1638 2166 1750 2192 aram
1789 2165 1851 2191 sa-

275 2221 423 2271 crificat
457 2220 700 2261 adstantibus
729 2223 888 2272 fidicine
926 2228 962 2260 et
998 2222 1168 2267 tibicine;
1209 2222 1297 2260 hinc
1338 2221 1458 2260 Terra
1495 2228 1615 2259 mater
1653 2223 1756 2260 humi
1795 2235 1852 2260 se-

277 2291 368 2329 dens
395 2289 456 2329 vel
480 2292 608 2340 potius
638 2291 780 2329 cubans
810 2290 861 2340 (s.
894 2303 1011 2329 cornu
1039 2292 1191 2340 copiae,
1220 2291 1256 2329 d.
1288 2293 1468 2329 incertum
1497 2292 1593 2341 quid
1619 2297 1733 2337 tenet,
1763 2292 1850 2339 sor-

275 2365 378 2398 tasse
406 2359 570 2410 spicas),
596 2360 707 2399 illinc
733 2361 906 2398 minister
934 2371 1037 2414 suem
1058 2360 1244 2408 feminam
1274 2360 1478 2398 adducens.

181 2427 248 2466 Ad
282 2427 440 2467 tertium
478 2428 582 2468 diem
616 2428 792 2478 Apollini
830 2433 870 2466 et
899 2427 1055 2466 Dianae
1091 2440 1247 2467 sacrum
1284 2416 1456 2478 pertinet
1485 2441 1671 2467 nummus
1702 2441 1850 2467 aeneus

23 2510 48 2546 χ
75 2483 80 2515 ff
104 2514 107 2515 ⁷
127 2507 164 2534 n.
191 2496 242 2534 10
270 2495 429 2546 (Cohen
458 2510 496 2536 n.
519 2497 611 2548 79):
657 2497 775 2535 Pueri
814 2498 888 2535 duo
924 2498 1041 2546 toqati
1075 2503 1110 2535 et
1138 2494 1319 2547 puellass)
1356 2497 1465 2535 elatis
1500 2497 1670 2536 manibus
1710 2498 1851 2535 deoetris

76 2575 79 2578 ’
275 2565 514 2606 ramusculos
557 2572 718 2605 tenentes
755 2572 791 2604 et
827 2567 1068 2604 dextrorsum
1106 2566 1377 2616 procedentes;
1421 2572 1628 2616 sequuntur
1665 2567 1739 2604 duo
1776 2568 1851 2603 viri

277 2636 407 2684 coquit,
437 2647 595 2685 quorum
621 2637 733 2685 prior
762 2634 1033 2685 (imperatort)
1063 2646 1093 2672 s.
1124 2634 1294 2672 volumen
1324 2640 1428 2672 tenet.

343 2702 484 2755 Imago
513 2715 701 2755 pompam
733 2703 820 2742 sine
839 2703 958 2742 dubio
988 2703 1198 2742 adumbrat
1227 2702 1460 2742 sollemnem
1492 2704 1686 2754 binosque
1705 2703 1849 2741 choros

277 2782 489 2822 puerorum
520 2780 560 2810 et
587 2772 806 2823 puellarum
837 2772 976 2810 laudes
998 2771 1199 2823 Apollinis
1229 2779 1268 2810 et
1296 2772 1456 2811 Dianae
1484 2773 1722 2819 canentium,
1753 2783 1849 2821 quo-

275 2852 365 2878 rum
395 2841 543 2879 mentio
573 2841 618 2879 fit
653 2841 693 2879 in
724 2840 825 2879 actis
856 2840 912 2890 (v.
940 2841 1014 2879 147
1029 2840 1161 2890 seqq.)
1190 2840 1253 2878 his
1282 2841 1434 2879 verbist
1475 2841 1736 2890 sacrificioque
1760 2852 1847 2889 per-

265 2909 372 2958 secto
406 2908 463 2960 (in
495 2908 654 2947 Palatio
684 2909 857 2959 scilicet)
889 2911 1002 2959 pueri
1031 2908 1266 2958 [X]XVII,
1302 2911 1438 2960 quibus
1467 2910 1725 2948 denuntiatum
1754 2915 1849 2955 erat,

271 2980 433 3028 patrimi
468 2985 503 3016 et
537 2979 702 3016 matrimi
736 2983 771 3016 et
800 2978 957 3028 puellae
986 2978 1133 3016 totidem
1163 2989 1313 3016 carmen
1350 2981 1580 3024 cecinerunt,
1619 2977 1850 3027 eo[de]mque

274 3047 384 3084 modo
412 3048 453 3084 in
486 3044 677 3097 Capitolio
684 3060 701 3092 ‚-
738 3059 886 3085 carmen
915 3048 1124 3097 composuit
1156 3045 1202 3092 Q.
1234 3046 1458 3097 Hor[at]ius
1490 3046 1668 3085 Flaccus.
1728 3047 1848 3084 Acto-

276 3127 360 3153 rum
391 3114 520 3153 locum
556 3127 636 3153 non
673 3114 771 3153 satis
806 3115 1058 3166 perspicuum
1090 3114 1360 3154 Mommsenus
1392 3115 1542 3154 eximia
1571 3115 1796 3154 coniectura
1825 3127 1849 3152 a

177 3280 210 3324 Ι)
245 3282 333 3316 Trea
358 3283 485 3326 figuras
510 3288 645 3326 togatas
670 3293 744 3316 esse
771 3283 856 3316 dicit
879 3283 1009 3316 Eckhel
1037 3283 1101 3324 (VI
1127 3294 1158 3326 p.
1180 3282 1276 3324 386),
1305 3285 1463 3317 similiter
1489 3284 1621 3318 Cohen.

12 3392 15 3397 ¹
173 3341 206 3386 ²)
241 3344 329 3378 Tres
361 3355 487 3388 pueros
512 3345 643 3378 Eckhel
670 3345 735 3386 (VI
761 3357 793 3388 p.
815 3344 918 3386 386),
951 3351 1017 3378 tres
1049 3345 1180 3387 puellas
1207 3342 1327 3379 Cohen
1359 3347 1395 3379 in
1426 3357 1566 3380 nummo
1597 3346 1846 3389 repraesentari

9 3445 11 3448 Α
72 3400 188 3440 errore
220 3406 443 3450 scripserunt;
483 3412 535 3440 est
569 3407 641 3440 sine
679 3407 784 3452 dubio
817 3407 932 3450 puella
964 3408 1051 3440 inter
1084 3408 1170 3441 duos
1202 3418 1326 3451 pueros
1359 3409 1408 3449 (hi
1441 3419 1545 3442 manu
1582 3409 1720 3440 sinistra
1753 3408 1845 3439 volu-

14 3471 17 3473 “
64 3477 150 3522 'men
177 3467 318 3509 tenent).
