2216 3796
407 342 504 389 394
1171 355 1376 388 ΒΑΕΤῙΟΑ

405 480 528 518 fuisse
558 478 727 528 ideoque
758 492 806 517 ex
836 482 1072 518 testamento
1102 479 1207 518 filiae
1238 480 1375 531 nepoti
1400 484 1703 519 monumentum
1733 481 1932 532 posuisse3
1963 494 1984 522 Ρ
2003 502 2014 514 ·
2030 495 2060 523 ’s
2077 503 2088 514 ·
2108 495 2146 536 fl,

406 549 454 586 de
485 561 563 597 quo
595 547 783 597 cogitavit
811 547 1060 600 Hirschfeld,
1094 548 1137 587 in
1169 553 1308 599 ectypo
1338 563 1421 588 non
1452 549 1636 588 cernitur.
1699 551 1800 589 Sane
1831 551 1910 590 alia
1938 551 2149 604 explicatio

406 630 486 654 non
518 617 704 666 suppetit.

460 684 607 723 Mulier
635 685 820 735 Baegesis
850 690 911 724 est
946 685 989 724 in
1027 685 1144 725 titulo
1179 686 1415 725 Marchenae
1445 691 1599 737 reperto
1629 688 1669 725 II
1693 687 1814 740 1394,
1846 701 1965 738 quem
1993 688 2151 729 etiamsi

405 755 504 792 Caro
544 754 653 792 solus
690 754 859 793 servavit
896 758 1000 793 recte
1038 755 1281 806 descriptum
1319 768 1405 794 esse
1446 755 1525 794 iam
1565 759 1738 806 apparet.
1799 757 1930 807 Baega
1966 757 2038 797 ubi
2074 758 2151 798 sita

404 822 523 861 fuerit
544 836 633 861 cum
653 822 870 875 ignoretur,
902 823 980 862 iam
1007 837 1129 875 prope
1149 823 1364 876 Alqa'mitas
1385 834 1639 874 quaeremus3
1671 838 1753 863 non
1782 820 1922 876 procul
1941 827 1991 865 ab
2013 827 2151 867 Olvera

403 895 582 941 repertus
613 896 673 930 est
701 893 740 931 II
775 894 901 944 1469,
941 892 1012 943 qui
1048 892 1235 943 Ilipulam
1271 893 1465 932 minorem
1503 893 1697 932 nominat.
1766 895 1934 934 Prorsus
1966 893 2151 946 ignotum

404 966 464 999 est
493 960 761 1011 Oembricum3
802 975 825 999 a
854 961 927 1000 tali
956 961 1062 1000 enim
1092 963 1219 1000 forma
1249 961 1522 1001 Cembricinus
1560 962 1800 1001 adiectivum
1836 952 2022 1003 similiter¹
2044 965 2151 1005 deri-

404 1034 517 1068 vatur
546 1034 592 1068 ut
621 1043 644 1068 a
674 1031 850 1080 Sagunto
882 1031 1143 1083 Saguntinus,
1187 1044 1276 1069 cum
1316 1030 1529 1080 Baegensis
1567 1032 1617 1070 ad
1647 1033 1818 1081 Baegam
1852 1033 1988 1086 ducat,
2025 1037 2072 1072 ut
2100 1034 2150 1073 ab

405 1099 505 1137 Olba
536 1099 722 1137 Olbensis
750 1100 869 1138 fiebat
899 1104 938 1138 et
967 1099 1126 1139 similia.
1186 1099 1318 1139 Etiam
1348 1100 1600 1139 Cembricum
1638 1102 1680 1139 in
1718 1102 1792 1139 hac
1819 1099 2151 1142 vicinia'videtur

404 1168 675 1217 quaerendum
705 1178 811 1218 esse3
853 1181 998 1207 nomen
1037 1182 1117 1207 non
1157 1169 1282 1207 habeo
1314 1182 1486 1218 quocum
1516 1182 1738 1219 comparem
1767 1169 1845 1208 nisi
1874 1183 1966 1209 cum
1993 1175 2149 1210 vetusto

402 1236 544 1287 populi
573 1238 834 1287 Cempsorum
864 1252 913 1276 ex
933 1237 1081 1276 Avieni
1111 1251 1180 1276 ora
1208 1236 1406 1276 maritima
1436 1238 1520 1277 sola
1550 1238 1647 1290 noti,
1681 1251 1780 1288 quos
1810 1238 1853 1278 in
1879 1251 1948 1278 ora
1965 1240 2149 1279 Baeticae

402 1305 655 1344 meridionali
676 1306 772 1344 olim
792 1306 990 1345 habitasse
1010 1306 1103 1345 inde
1124 1305 1326 1346 discimus.
1387 1307 1485 1358 Veqa
1513 1308 1752 1346 vocabulum
1771 1307 2011 1361 Hispanum,
2043 1310 2151 1359 quod

402 1388 484 1414 non
513 1375 660 1414 habent
696 1377 802 1414 unde
840 1377 1037 1415 deducant
1074 1375 1301 1426 linguarum
1336 1376 1644 1416 Romanicarum
1677 1376 1813 1430 periti,
1854 1378 2022 1417 fortasse
2059 1391 2150 1417 cum

363 1484 365 1491 ,
404 1445 533 1496 Baeqa
561 1444 699 1495 oppidi
727 1444 891 1483 nomine
918 1444 1070 1484 Iberico
1103 1445 1423 1495 componendum
1454 1449 1524 1483 est.

406 1579 2150 1594 2m=

860 1706 1221 1763 OONVENTVS
1259 1705 1693 1764 GORDVBENSIS.

1034 1849 1123 1887 xv.
1155 1849 1338 1887 EPoRA
1367 1862 1405 1898 p.
1440 1849 1535 1888 886.

403 1966 441 1990 n.
476 1954 584 1990 2159
616 1954 700 1991 iam
731 1955 790 1991 est
819 1952 997 1991 Malacae
1027 1951 1070 1990 in
1100 1964 1238 1990 museo
1269 1951 1430 2001 Loring.

955 2115 1103 2153 XVIII.
1147 2114 1405 2152 CORDVBA
1434 2127 1472 2164 p.
1499 2115 1593 2153 886.

517 2218 638 2260 Quod
675 2222 879 2268 supererat
907 2221 1127 2257 statuarum
1166 2216 1415 2267 aliorumque
1453 2217 1547 2256 artis
1587 2219 1792 2256 Romanae
1833 2231 2015 2270 operum,
2054 2218 2150 2256 item

401 2287 707 2338 inscriptionum
737 2286 878 2338 musei,
911 2288 1019 2336 quod
1049 2286 1145 2325 olim
1175 2285 1254 2324 fuit
1276 2286 1484 2324 Cordubae
1515 2285 1558 2324 in
1587 2287 1734 2338 palatio
1764 2288 1808 2325 de
1836 2286 1936 2326 Villa
1969 2286 2148 2340 (lemnos,

402 2370 528 2407 nuper
558 2361 693 2406 emptu
723 2354 906 2406 pervenit
933 2355 977 2393 in
1007 2368 1191 2394 museum
1219 2354 1506 2393 Malacitanum
1535 2355 1776 2394 marchionis
1805 2357 1848 2395 de
1874 2355 2146 2408 Casa—Lorinq.

400 2427 460 2463 Ita
490 2426 620 2463 denuo
647 2428 950 2475 comparuerunt
979 2423 1258 2474 inscriptiones
1280 2423 1444 2476 aliquot,
1478 2437 1575 2473 quas
1599 2424 1704 2463 infra
1723 2424 1908 2477 indicavi,
1940 2424 2041 2463 aliae
2071 2425 2151 2463 iam

400 2495 588 2543 leguntur
617 2493 778 2543 melius;
817 2493 970 2532 inedita
1000 2497 1061 2532 est
1088 2507 1170 2532 una
1199 2507 1239 2533 n.
1276 2494 1368 2532 106.
1430 2494 1581 2543 Ectypa
1612 2497 1651 2532 et
1679 2494 1860 2544 exempla
1898 2492 2083 2532 submisit
2112 2498 2152 2532 et

399 2563 565 2615 lapides,
597 2562 700 2602 inter
731 2576 831 2612 quos
862 2562 981 2601 etiam
1011 2567 1106 2601 sunt
1135 2562 1287 2612 aliquot
1317 2576 1366 2600 ex
1395 2562 1497 2601 locis
1516 2561 1660 2600 vicinis
1680 2575 1726 2601 eo
1748 2562 1882 2615 delati,
1912 2575 2002 2601 mea
2033 2575 2150 2601 causa

402 2632 641 2670 examinavit
676 2631 970 2670 accuratissime
1001 2632 1197 2681 Berlanga
1234 2630 1385 2670 amicus
1422 2631 1735 2682 spectatissimus
1765 2635 1805 2670 et
1841 2630 2146 2671 oculatissimus.

401 2738 438 2762 n.
473 2726 596 2763 2197.
632 2726 757 2763 2215.
790 2725 915 2762 2216.
948 2724 1057 2762 2222
1090 2725 1174 2762 Iam
1203 2724 1380 2762 Malacae
1410 2722 1454 2761 in
1483 2736 1622 2762 museo
1652 2722 1815 2773 Loring.

403 2805 512 2842 2233
543 2804 714 2853 Ibidem3
746 2808 930 2854 ectypum
950 2803 1060 2842 misit
1079 2803 1288 2854 Berlanga.
1339 2803 1513 2842 Litterae
1535 2807 1630 2842 sunt
1651 2816 1750 2843 saec.
1772 2804 1792 2842 I
1822 2802 2004 2842 exeuntis
2032 2802 2150 2854 pictis

459 2873 624 2925 similes,
667 2873 767 2911 altae
797 2886 850 2911 m.
883 2874 977 2911 0.05
1010 2873 1060 2910 ad
1092 2874 1201 2912 0.03.
1261 2874 1310 2911 V.
1344 2875 1362 2910 1
1397 2872 1453 2911 in.
1484 2876 1646 2923 apparet
1674 2872 1718 2910 in
1754 2872 1886 2923 lapide
1916 2884 2002 2910 esse
2039 2882 2146 2922 ..Lvs,

459 2971 467 2979 .
487 2971 495 2979 .
516 2971 524 2980 .
544 2942 627 2980 llus.
678 2943 776 2980 Post
806 2953 833 2980 G
862 2945 1056 2992 punctum
1075 2954 1158 2979 non
1179 2940 1363 2980 cernitur.
1423 2943 1472 2980 V.
1498 2942 1606 2979 3—5
1637 2939 1821 2980 videntur
1849 2940 1984 2991 paullo
2012 2944 2150 2991 postea

457 3010 603 3048 adiecti
632 3023 730 3048 esse.

403 3091 526 3129 2241.
561 3092 716 3129 2248α.
751 3091 860 3129 2258
891 3089 1057 3129 Ibidem.

402 3172 510 3209 2261
543 3171 716 3221 Ibidem;
748 3175 933 3221 ectypum
961 3170 1072 3209 misit
1099 3171 1305 3220 Berlanga.
1356 3169 1530 3209 Litterae
1560 3174 1654 3208 sunt
1683 3183 1784 3208 saec.
1805 3170 1844 3207 H
1873 3170 2014 3222 bonae,
2045 3170 2157 3217 altae,

459 3239 614 3278 circiter
643 3253 694 3278 m.
726 3241 863 3279 0.025.
924 3241 971 3278 In
999 3239 1190 3278 lateribus
1220 3238 1369 3278 securis
1400 3238 1485 3277 sine
1515 3237 1723 3277 manubrio
1755 3243 1794 3276 et
1822 3237 1939 3276 ascia.

404 3322 526 3358 2270.
561 3321 683 3358 2271.
720 3321 843 3359 2273.
878 3321 1001 3358 2276.
1036 3321 1158 3358 2279.
1193 3321 1303 3358 2284
1334 3318 1498 3358 Ibidem.
2203 3308 2216 3346 ’ἰ

402 3401 510 3438 2293
543 3400 712 3449 Ibidem3
745 3404 927 3450 ectypum
957 3399 1068 3438 misit
1096 3400 1301 3450 Berlanga.
1353 3399 1526 3438 Litterae
1554 3411 1792 3448 quamquam
1822 3397 2011 3436 evanidae
2041 3402 2144 3448 sunt,
2199 3348 2216 3503 1

457 3473 591 3506 tamen
621 3468 739 3506 lectio
770 3481 858 3506 mea
889 3469 1153 3508 confirmatur.
2156 3465 2158 3467 ’
