2216 3796
393 311 486 356 312
856 319 1024 354 NVMMt
1062 320 1276 355 Avevsn
1311 320 1373 354 ET
1408 319 1674 354 nonnum

589 449 700 486 pram
729 436 930 474 adducens.
989 435 1141 473 Nummi
1168 438 1389 485 inscriptio:
1423 445 1501 474 cos
1530 445 1610 472 xnn
1641 445 1720 472 LVD
1751 443 1846 472 sAEc
1877 444 1968 483 sec,
1997 436 2141 474 eadem-

590 516 659 553 que
688 509 741 541 est
769 506 809 540 in
837 503 1083 553 sequentibus.

657 570 856 608 Ludorum
894 578 982 608 aeta
1021 572 1252 621 Augustana
1288 571 1391 621 quod
1430 570 1620 616 referunt,
1669 582 1781 608 sacra
1817 570 2015 608 celebrata
2050 581 2139 608 esse
2188 611 2190 614 v

590 639 743 676 Achivo
774 639 848 676 ritu
885 638 951 687 (cf.
983 651 1020 687 p.
1043 637 1161 687 257),
1191 639 1336 676 nummi
1364 638 1581 676 Domitiani
1613 638 1807 675 sacrificia
1834 649 2139 676 commemoran-

590 714 646 744 tes
685 707 841 757 egregie
879 706 1094 744 illustrant:
1140 707 1180 744 in
1216 707 1398 744 omnibus
1433 706 1536 743 enim
1585 706 1798 755 imperator
1840 717 1918 743 non
1956 704 2139 751 Romano

588 774 783 812 sacrificat
809 774 886 811 ritu
916 773 1064 823 (capite
1086 774 1231 823 velato)
1262 775 1332 812 scd
1353 773 1523 820 Graeco,
1554 780 1692 823 aperto
1711 774 1841 823 eapite
1872 772 1940 823 (cf.
1965 773 2137 812 Macrob.

593 844 626 887 1,
658 842 694 888 8,
728 841 789 890 2);
820 854 946 891 neque
975 841 1157 880 Romana
1185 849 1246 879 est
1275 842 1397 880 vestis
1428 842 1583 879 tunicae
1613 841 1754 879 similis
1774 863 1826 869 -
1846 841 1981 880 nescio
2010 848 2138 880 utrum

587 909 690 946 stola
727 922 775 947 an
811 909 891 947 alio
929 909 1085 946 nomine
1124 909 1361 960 appellanda
1391 931 1440 936 —
1472 909 1511 946 in
1543 921 1699 946 nummo
1730 908 1847 946 modo
1875 898 2072 960 descfipto
2101 916 2140 947 et
2194 903 2203 935 ‘³1

585 978 624 1014 in
663 989 708 1014 eo
744 978 809 1026 qui
848 976 1024 1026 sequitur
1061 989 1267 1027 expressa.
1335 975 1448 1025 Quod
1487 989 1579 1014 vero
1614 978 1830 1026 imperator
1864 977 1905 1014 in
1943 976 2138 1015 sacrificio
2195 978 2202 987 ”

586 1045 735 1093 primae
765 1045 890 1082 noctis
921 1050 959 1082 et
989 1044 1102 1093 primi
1134 1045 1209 1083 diei
1242 1043 1397 1082 Graeca
1428 1051 1534 1083 veste
1565 1045 1700 1091 utitur,
1734 1050 1829 1096 toga
1862 1043 2026 1095 reliquie
2055 1043 2138 1082 die-

586 1113 658 1150 bus
689 1113 743 1161 (n.
768 1113 835 1150 Ga.
860 1111 926 1149 6b.
951 1112 986 1148 7.
1009 1111 1067 1161 9),
1097 1113 1137 1150 id
1166 1113 1364 1161 quomodo
1394 1112 1668 1162 explicandum
1701 1113 1753 1150 sit
1781 1112 1930 1151 nescio.

494 1180 618 1217 Primi
641 1180 726 1218 'diei
756 1192 909 1218 sacrum
941 1179 1094 1229 effingit
1123 1192 1303 1218 nummus
1334 1192 1479 1218 aeneus

465 1261 501 1285 n.
525 1249 549 1286 5
579 1247 736 1296 (Cohen
769 1261 804 1286 n.
827 1247 915 1297 89):
956 1247 1054 1285 Ante
1089 1249 1217 1286 aedem
1251 1261 1315 1286 sex
1348 1248 1604 1286 columnarum
1633 1249 1779 1286 ordinis
1811 1253 1854 1286 ut
1885 1247 2031 1286 videtur
2067 1246 2138 1285 Co-

582 1317 715 1353 rinthii
753 1315 809 1364 (in
839 1317 1024 1364 fastiqio:
1062 1317 1218 1366 corona)
1254 1319 1458 1365 imperator
1494 1317 1620 1354 eadem
1655 1327 1767 1364 quam
1800 1327 1920 1365 supra
1954 1315 2139 1365 descripsi

583 1390 678 1421 veste
713 1385 864 1421 indutus
901 1395 930 1420 s.
960 1384 1134 1429 demissa,
1170 1384 1206 1421 d.
1232 1391 1405 1433 pateram
1440 1390 1563 1421 tenens
1593 1384 1646 1420 ad
1673 1395 1781 1420 aram
1810 1384 2021 1434 sacrifica&
2053 1390 2137 1421 ante
2188 1376 2216 1445 ᾗῇ,-

583 1464 663 1488 eum
690 1452 828 1499 fidicen
865 1458 899 1489 et
934 1452 1080 1498 tibicen,
1113 1464 1213 1501 pone
1241 1452 1315 1489 duo
1343 1453 1518 1498 ministri,
1556 1463 1713 1500 quorum
1746 1463 1842 1489 unus
1877 1451 2002 1490 bovem
2029 1454 2137 1497 tenet,

583 1519 682 1555 alter
710 1521 895 1557 victimam
924 1522 1048 1558 securi
1067 1521 1175 1569 ferit.

491 1587 551 1623 Ad
596 1587 791 1624 secundae
837 1588 963 1625 noctis
1008 1587 1243 1625 sacrificium
1281 1587 1510 1625 referendus
1554 1593 1616 1624 est
1658 1587 1846 1625 alteruter
1887 1598 2134 1626 nummorum

380 1666 586 1691 aeneorum
617 1668 654 1691 n.
678 1654 745 1691 6a.
775 1655 828 1692 δῖ)
855 1662 894 1692 et
920 1656 956 1702 7,
987 1655 1061 1693 nisi
1091 1655 1194 1692 forte
1223 1661 1387 1704 uterque
1416 1655 1518 1692 idem
1550 1661 1831 1692 commemorat
1860 1655 2106 1693 sacrificium.

433 1735 469 1759 n.
494 1722 551 1759 Ga
581 1720 738 1770 (Cohen
770 1736 806 1759 n.
830 1723 920 1772 91):
961 1723 1058 1761 Ante
1096 1724 1224 1760 aedem
1253 1729 1429 1772 quattuor
1466 1722 1722 1760 columnarum
1754 1722 2035 1761 Corinthiarum
2068 1724 2135 1761 tri·
2199 1727 2205 1735 “·

575 1792 752 1839 pertitam
783 1790 898 1837 (duae
917 1797 1099 1828 extremae
1123 1780 1256 1840 partes
1276 1791 1444 1839 fastigia
1473 1791 1608 1828 habent
1626 1793 1773 1828 coronis
1794 1797 1986 1845 exornata,
2013 1791 2135 1828 media

577 1870 673 1905 pars
703 1863 800 1895 tecta
830 1864 886 1895 est
903 1860 1054 1907 fornice
1061 1873 1077 1903 ,·
1114 1861 1209 1896 inter
1243 1870 1406 1896 summas
1445 1859 1635 1896 columnas
1659 1859 1767 1908 pilae
1798 1870 1941 1907 parvae
1969 1860 2047 1896 sive
2074 1871 2133 1895 co-

581 1925 753 1962 lumellae
784 1932 961 1975 quattuor
989 1933 1058 1964 aut
1085 1926 1166 1975 sex)
1201 1929 1405 1976 imperator
1440 1933 1586 1975 toyatus
1621 1939 1650 1963 s·
1681 1927 1862 1972 volumen,
1897 1927 1933 1964 d.
1958 1932 2133 1976 pateram

579 1999 702 2031 tenens
733 1994 786 2031 ad
813 2006 922 2031 aram
951 1995 1167 2043 sacrificam
1194 2001 1282 2032 ante
1311 2007 1391 2032 eum
1419 1994 1548 2032 tibicen
1578 2001 1611 2032 et
1630 1995 1780 2043 fidicen,
1810 1995 1858 2032 ab
1877 1994 1998 2032 altera
2022 1999 2134 2043 parte

578 2074 670 2098 arae
704 2059 890 2111 Tiberisl)
927 2062 1030 2100 humi
1065 2063 1195 2099 sedens
1231 2061 1289 2099 vel
1313 2064 1440 2111 potius
1481 2062 1621 2100 cubans
1650 2074 1679 2098 s.
1713 2074 1827 2100 cornu
1854 2063 1984 2112 copiae
2011 2068 2133 2099 tenens

579 2129 633 2176 (d.
665 2130 811 2167 videtur
841 2130 1016 2168 habuisse
1044 2129 1322 2179 harundinem).

487 2196 615 2234 Huius
650 2198 796 2234 nummi
828 2198 997 2236 varietas
1027 2204 1140 2236 extat
1169 2198 1284 2234 haec:

431 2278 466 2300 n.
491 2265 562 2302 617:
594 2265 698 2302 Idem
727 2266 950 2314 sacrificium
979 2267 1200 2314 eaedemque
1220 2266 1393 2314 fiqurae5
1427 2265 1493 2302 sed
1528 2265 1640 2302 aedes
1670 2271 1722 2302 est
1750 2267 1913 2315 quinque
1940 2265 2130 2303 columna-

575 2345 657 2370 rum
688 2332 969 2370 Corinthiarum
998 2333 1112 2382 (inter
1140 2345 1303 2370 summas
1332 2332 1522 2370 columnas
1546 2334 1655 2382 pilae
1680 2345 1826 2382 parvae
1853 2335 1930 2371 sive
1956 2333 2130 2371 columel-

576 2401 635 2437 lae
664 2401 879 2450 quattuor)‚
917 2404 1021 2439 cuius
1059 2407 1189 2439 tectum
1220 2402 1431 2450 bipertitum
1458 2400 1517 2438 vel
1545 2402 1768 2450 tripertitum
1797 2407 1851 2438 est
1877 2403 1944 2448 ita,
1979 2407 2021 2439 ut
2047 2413 2129 2439 con-

575 2474 645 2505 stet
691 2480 736 2505 ex
774 2469 918 2506 duobus
959 2471 1144 2519 tympanis
1185 2468 1242 2518 (in
1281 2476 1438 2518 utroque
1475 2469 1632 2517 corona)
1673 2470 1876 2507 coniunctis
1910 2475 1951 2506 ut
1984 2469 2130 2507 videtur

566 2537 717 2583 fornice
747 2537 985 2574 testudinato.

457 2616 493 2640 n.
518 2603 539 2640 7
573 2601 728 2651 (Cohen
760 2617 797 2641 n.
821 2604 909 2653 85):
956 2605 1053 2642 Ante
1088 2605 1214 2642 aedem
1249 2617 1314 2642 ses:
1348 2605 1605 2642 columnarum
1640 2603 1920 2642 Corinthiarum
1955 2603 2013 2652 (in
2040 2603 2130 2641 aliis

575 2671 845 2720 eoeemplaribus
883 2672 1076 2710 columnae
1110 2678 1197 2709 sunt
1225 2674 1388 2722 quinque
1395 2686 1411 2717 ,·
1443 2674 1483 2710 in
1507 2673 1671 2721 fastigio
1705 2672 1814 2709 modo
1843 2683 1993 2719 corona,
2021 2671 2135 2709 modo¹

574 2738 725 2788 aquila)
755 2740 959 2788 imperator
989 2746 1136 2789 toyatus
1166 2752 1195 2777 s.
1222 2740 1404 2785 volumen,
1436 2740 1471 2776 d.
1495 2747 1669 2788 pateram
1698 2746 1820 2778 tenens
1850 2740 1905 2777 ad
1930 2751 2038 2776 aram
2066 2751 2128 2777 sa-

574 2806 740 2855 crificat3
772 2813 859 2845 ante
887 2820 966 2845 eum
995 2808 1128 2845 tibicen
1157 2814 1193 2844 et
1211 2807 1362 2856 fidicen.

643 2872 741 2912 Cum
779 2874 974 2912 sacrificio
1011 2875 1205 2913 secundae
1242 2875 1366 2912 noctis
1398 2875 1589 2925 imagines
1619 2876 1829 2912 concinunt
1857 2874 1897 2912 in
1925 2886 1987 2920 eo,
2022 2873 2128 2923 quod

572 2941 612 2979 in
644 2948 806 2991 utroque
837 2955 997 2980 nummo
1028 2942 1263 2981 sacrificium
1293 2943 1338 2980 fit
1368 2943 1452 2980 sine
1482 2942 1662 2981 victimae
1691 2941 1979 2987 immolatione3
2015 2942 2126 2979 item-

571 3022 646 3058 que
675 3009 834 3047 Tiberis
871 3011 1098 3059 praesentia
1134 3010 1173 3048 in
1213 3010 1344 3059 priore
1383 3011 1527 3060 optime
1566 3010 1767 3061 conspirat
1803 3022 1890 3047 cum
1931 3009 2126 3048 sacrificio

474 3182 503 3223 ¹)
532 3183 749 3215 Cavedonius
776 3182 878 3223 (Ann.
905 3182 938 3214 d.
958 3182 1041 3216 Inst.
1065 3184 1156 3216 1853
1183 3194 1215 3225 p.
1237 3183 1295 3224 27)
1322 3184 1410 3216 hanc
1434 3184 1578 3226 figuram
1603 3184 1715 3226 potius
1740 3182 1865 3215 Palatii
1888 3182 2026 3224 genium
2050 3192 2124 3215 esse
2183 3180 2187 3187 ‘

369 3249 464 3285 putat
484 3241 611 3287 perche
637 3254 712 3276 essa
744 3254 809 3276 non
841 3241 857 3275 ὲ
882 3243 1046 3284 sdraiata,
1074 3256 1128 3277 ma
1152 3244 1290 3284 sedente,
1319 3255 1336 3277 e
1360 3256 1478 3277 manea
1509 3240 1530 3277 ἴ
1534 3255 1621 3276 urna
1651 3247 1802 3276 versante
1832 3253 1940 3286 aequa
1975 3241 2124 3283 [Tiberis

369 3306 441 3336 sine
469 3316 553 3337 urna
578 3310 631 3338 est
656 3315 684 3337 e.
712 3315 745 3347 g.
772 3306 806 3337 in
833 3316 971 3338 nummo
998 3307 1167 3338 Antonini
1193 3306 1248 3338 Pii
1276 3306 1392 3338 Cohen
1419 3308 1502 3338 Ant.
1520 3317 1554 3338 n.
1575 3304 1658 3346 822]
1687 3329 1695 3337 .
1723 3328 1731 3336 .
1759 3328 1767 3336 .
1794 3303 1830 3336 Il
1851 3304 1948 3347 yenio
1973 3303 2030 3336 del
2052 3303 2120 3336 Pa-

367 3365 470 3398 latino
499 3365 576 3398 bene
601 3367 634 3398 si
657 3364 807 3398 starebbe
826 3377 945 3410 presso
971 3366 1000 3398 il
1025 3367 1139 3410 tempio
1167 3366 1204 3398 cli
1229 3367 1351 3410 Apollo
1379 3366 1549 3399 Palatino.
1593 3365 1628 3398 Il
1659 3366 1773 3409 tempio
1807 3369 1908 3398 stesso
1935 3363 1952 3397 ὲ
1976 3365 2123 3398 notevole

359 3422 412 3469 pe’
443 3426 504 3459 due
531 3428 605 3459 suoi
618 3428 747 3470 sastiqi
772 3439 790 3459 ο
817 3428 956 3471 timpam'
979 3426 1037 3460 che
1063 3428 1095 3460 lo
1122 3432 1286 3460 mostrano
1312 3438 1398 3460 come
1424 3427 1564 3471 duplice.
