2216 3796
428 363 525 410 260
1242 374 1373 409 ACTA

427 491 536 529 fratri
567 491 754 528 honorem
785 488 977 528 XVviros
1007 495 1169 529 eatenus
1200 491 1404 538 tribuisse,
1441 494 1635 540 quatenus
1665 490 1750 528 fieri
1780 491 1907 541 potuit
1934 495 2096 543 propter
2124 491 2181 530 lo-

425 571 559 597 corum
590 557 851 596 intervallum.
2206 610 2208 614 y

533 627 644 664 Haec
675 625 821 663 saeculi
844 626 1011 676 Augusti
1041 626 1203 665 numina
1230 627 1295 677 qui
1325 626 1570 676 comparabit
1598 638 1683 664 cum
1706 626 1937 677 antiquioris
1958 626 2106 666 sacculi
2133 626 2183 665 li·
2196 621 2216 694 ’Β

423 695 539 732 berae
569 694 624 731 rei
654 693 834 743 publicae
855 694 1093 741 numinibus,
1122 694 1162 732 id
1177 695 1310 757 ⁸ipsum
1332 694 1597 744 deprehendet
1616 706 1693 743 quo
1714 705 1778 733 res
1797 694 1957 745 publica
1975 694 2026 733 ab
2045 694 2182 746 Augu·
2200 690 2216 747 ᾗ

423 767 486 799 sto
516 763 697 799 restituta
727 762 776 799 ab
797 762 977 800 instituta
1005 763 1163 812 regibus
1190 762 1343 800 exactis
1372 762 1428 800 ita
1457 762 1615 808 recedit,
1644 767 1686 799 ut
1714 762 1971 802 nihilominus
1991 761 2183 813 quodam·

423 830 541 867 modo
562 830 699 867 eadem
721 830 784 867 sit.
814 830 1047 868 Manserunt
1066 829 1288 867 saeculares
1308 829 1430 867 feriae
1450 831 1653 868 numinum
1673 829 1901 877 inferorum,
1917 830 1987 869 sed
2002 835 2184 881 exempto
2214 822 2216 824 ³

423 903 551 935 taetro
582 897 797 935 inferorum
829 897 987 936 domino
1017 898 1176 947 eiusque
1205 898 1370 947 coniuge
1389 898 1497 946 deae,
1528 909 1627 947 quas
1648 904 1886 936 venerantur
1913 897 2007 938 novi
2034 898 2183 937 saeculi
2212 920 2214 925 ν

421 965 620 1011 mulieres,
650 977 787 1003 omnes
818 965 1054 1003 reverendae
1074 965 1201 1015 magis
1223 971 1311 1004 sunt
1332 978 1446 1015 quam
1478 965 1706 1003 horrendae.
1751 965 2032 1016 Adiunguntur
2050 971 2181 1004 autem
2215 1015 2216 1018 Ἰ

421 1033 471 1070 ad
500 1033 714 1071 inferorum
746 1033 924 1071 ordinem
956 1034 1087 1083 superi
1113 1033 1168 1070 dii
1198 1033 1291 1071 almi
1310 1033 1462 1083 Iupiter
1481 1039 1520 1072 et
1537 1032 1638 1071 Iuno
1669 1033 1806 1071 summi
1834 1045 1966 1073 rerum
1985 1032 2183 1072 Romana-

421 1113 507 1137 rum
537 1102 708 1150 patroni,
740 1101 881 1139 deinde
910 1101 1100 1152 principis
1121 1100 1291 1139 civitatis
1311 1108 1350 1139 et
1377 1101 1433 1138 rei
1464 1101 1646 1151 publicae
1665 1101 1842 1139 custodis
1862 1106 1902 1140 et
1919 1097 2062 1141 tutoris
2083 1101 2181 1141 deus
2212 1112 2216 1130 ἰ

421 1168 662 1206 domesticus
683 1169 835 1218 Apollo
855 1169 1077 1207 Palatinus.
1115 1167 1285 1207 Laetum
1306 1168 1508 1207 restitutae
1529 1169 1584 1206 rei
1604 1169 1783 1219 publicae
1804 1175 1949 1207 statum
1969 1175 2012 1209 ct
2025 1181 2080 1208 ex
2099 1169 2182 1208 bel·
2214 1169 2216 1195 ἕ

418 1235 469 1273 lis
504 1236 789 1274 infelicissimis
826 1237 1033 1287 splendide
1070 1243 1337 1288 resurgentem
1376 1237 1472 1275 haec
1501 1249 1601 1286 quae
1636 1237 1958 1287 recuperavimus
1987 1242 2076 1276 acta
2103 1250 2182 1276 non

418 1303 547 1341 minus
578 1304 686 1342 clara
714 1305 801 1342 luce
830 1305 1035 1344 illustrant
1063 1316 1182 1355 quam
1213 1305 1337 1355 spirat
1365 1317 1521 1343 carmen
1552 1304 1655 1355 quod
1687 1307 1896 1356 composuit
1922 1303 1970 1351 Q.
1994 1305 2182 1344 Horatius
2214 1350 2216 1358 γ

377 1430 381 1434 ff
420 1371 600 1410 Flaccus.

926 1495 1108 1536 SACRA
1152 1497 1227 1535 ET
1271 1495 1679 1537 PRECATIONES.

530 1619 655 1659 Sacra
689 1627 729 1658 et
762 1621 1009 1671 precationes
1045 1620 1122 1658 diis
1158 1620 1384 1671 deabusque
1424 1621 1556 1659 oblata
1598 1633 1669 1670 per
1702 1620 1884 1660 ludorum
1919 1621 2179 1660 saecularium

416 1689 641 1727 trinoctium
672 1688 921 1738 triduumque
950 1689 1029 1727 iam
1060 1688 1282 1738 composita
1311 1689 1629 1727 recensebantur.
1689 1687 1812 1728 Sacra
1839 1688 1934 1728 fecit
1965 1701 2180 1740 precesque

415 1757 597 1795 recitavit
635 1769 705 1806 per
732 1762 812 1794 tres
848 1762 982 1795 noctes
1012 1757 1240 1807 Augustus,
1280 1770 1350 1807 per
1378 1764 1459 1795 tres
1490 1757 1574 1794 dies
1609 1761 1648 1794 et
1677 1757 1882 1807 Augustus
1918 1761 1958 1795 et
1985 1757 2178 1808 Agrippa,
2214 1777 2216 1796 ;

416 1831 455 1862 et
491 1837 538 1863 eo
573 1824 732 1874 proprie
768 1825 989 1862 continetur
1017 1825 1122 1875 quod
1161 1825 1217 1862 ait
1251 1831 1411 1863 senatus
1442 1829 1615 1862 actorum
1647 1837 1683 1862 v.
1706 1824 1770 1863 53.
1793 1824 1845 1863 54
1878 1823 1994 1864 ludos
2023 1825 2178 1864 futuros

415 1903 505 1930 esse
536 1892 550 1941 [
550 1892 807 1942 facientibus?
842 1895 930 1942 imp.
957 1892 1137 1942 Caesare]
1166 1891 1378 1942 Anqust(o)
1409 1899 1443 1931 et
1470 1892 1526 1929 M.
1547 1891 1767 1947 A[9rip]pa
1796 1891 2040 1942 tribunic(ia)
2069 1899 2178 1943 pote·

416 1966 531 2006 state,
572 1960 829 2009 similiterque
868 1961 908 1998 in
946 1967 1198 1998 monumento
1234 1961 1450 2010 Ancyrano
1487 1962 1692 2010 Augustus
1731 1959 1838 1999 ludos
1876 1960 2088 2006 saeculares
2115 1962 2177 2011 se-

417 2030 511 2066 cisse
539 2041 578 2066 se
609 2029 763 2077 conleya
782 2028 839 2065 M.
862 2027 1054 2078 Agrippa.
1099 2028 1165 2066 Ex
1195 2029 1422 2066 auctoribus
1443 2028 1627 2066 Zosimus
1657 2028 1796 2067 scribit
1813 2020 2041 2079 Augustum
2070 2027 2179 2067 Moe-

416 2096 472 2133 ris
495 2096 675 2134 victimas
706 2096 977 2134 immolavisse
1009 2096 1280 2147 significatque
1300 2096 1494 2134 Horatius
1525 2096 1646 2134 boves
1667 2095 1755 2134 Iovi
1773 2095 1993 2146 Iunonique
2022 2096 2176 2135 oblatas

416 2175 506 2201 esse
536 2165 584 2201 ab
616 2164 773 2210 eodem,
810 2164 858 2202 de
888 2164 1069 2214 Agrippa
1098 2171 1252 2202 tacens:
1289 2176 1444 2202 carmen
1476 2162 1654 2214 Sibyllae
1684 2163 1791 2214 quod
1818 2176 1898 2203 non
1931 2164 2050 2203 habet
2076 2176 2177 2215 quae

416 2230 495 2268 huc
524 2232 674 2277 trahas,
703 2232 811 2269 favet
840 2232 1016 2281 opinioni
1047 2244 1168 2282 supra
1197 2231 1384 2270 defensae
1414 2231 1604 2280 scriptum
1633 2243 1722 2271 esse
1750 2231 1876 2271 libera
1903 2232 2106 2271 etiamtum
2133 2244 2177 2270 re

414 2299 586 2349 publica.
633 2298 816 2337 Ceterum
846 2300 886 2336 in
917 2300 1041 2337 sacris
1071 2300 1133 2338 his
1163 2300 1276 2338 locus
1305 2299 1517 2349 primarius
1537 2300 1718 2350 Augusto
1748 2300 1971 2348 attributus,
2001 2311 2176 2339 summus

413 2367 527 2414 item,
564 2367 633 2405 sed
671 2374 802 2406 tamen
834 2367 1091 2405 secundarius
1121 2368 1343 2418 Agrippae,
1379 2367 1622 2418 principatus
1658 2367 1928 2406 condicionem
1957 2379 2059 2418 quae
2093 2373 2175 2406 tum

414 2434 492 2472 fuit
520 2435 612 2473 viva
640 2435 810 2485 imagine
839 2441 1148 2486 repraesentant.
1200 2434 1414 2474 Severiana
1442 2448 1596 2487 quoque
1626 2447 1751 2482 sacra,
1786 2440 1976 2485 quantum
2006 2448 2056 2474 ex
2084 2435 2174 2473 reli-

414 2502 520 2552 quiis
551 2509 734 2553 apparet,
772 2504 864 2541 fecit
896 2504 1145 2553 potissimum
1181 2503 1266 2553 ipse
1297 2502 1484 2550 Severus,
1522 2503 1591 2542 sed
1628 2509 1670 2541 ut
1704 2508 1836 2554 partes
1864 2515 2021 2554 quoque
2053 2503 2094 2542 in
2123 2504 2174 2542 iis

415 2577 548 2609 essent
577 2572 660 2609 filio
690 2572 894 2609 Antonino
925 2571 1103 2621 adeoque
1132 2571 1287 2622 coniugi
1319 2571 1457 2618 Iuliae,
1487 2572 1641 2621 privato
1671 2576 1798 2609 autem
1828 2571 1939 2610 nulli.

522 2639 799 2677 Precationum
837 2639 1028 2677 formulae
1063 2652 1149 2677 cum
1186 2651 1323 2678 omnes
1360 2640 1434 2677 sibi
1471 2639 1771 2689 responderent,
1808 2638 1940 2677 scriba
1967 2638 2172 2678 XVvirum

413 2707 511 2744 satis
547 2707 683 2744 habuit
719 2708 874 2757 plenam
910 2719 1056 2756 ponere
1092 2707 1275 2755 primam,
1311 2719 1411 2757 quae
1441 2707 1651 2745 admodum
1680 2706 1820 2744 mutila
1850 2706 1900 2744 ad
1929 2718 2002 2744 nos
2037 2719 2173 2756 perve-

412 2775 486 2821 nit3
524 2774 563 2811 in
596 2775 849 2824 sequentibus
882 2775 968 2812 sola
997 2774 1161 2812 exordia
1194 2775 1415 2825 perscripta
1446 2780 1538 2813 sunt
1575 2774 1729 2812 adiecta
1757 2773 1939 2812 clausula
1969 2779 2090 2812 cetera
2118 2776 2173 2811 ati

412 2855 531 2891 supra
561 2842 615 2890 (v.
642 2842 730 2880 106.
756 2842 846 2879 137.
873 2842 987 2891 142),
1025 2841 1101 2879 nisi
1131 2843 1237 2891 quod
1274 2842 1314 2879 in
1351 2843 1600 2881 invocatione
1631 2841 1825 2893 Apollinis
1859 2847 2015 2892 praeter
2041 2841 2170 2892 prima

412 2910 532 2948 verba
562 2911 679 2948 etiam
709 2915 910 2959 postrema
940 2909 1201 2947 enuntiantur.

521 3084 742 3123 EXORDI
748 3087 796 3123 A.

412 3219 556 3262 nocte
591 3212 749 3277 prima
783 3212 961 3260 Moeris
998 3231 1045 3262 v.
1075 3216 1152 3261 90.
1194 3215 1280 3262 91:

584 3312 715 3352 nocte
750 3304 1014 3370 insequenti
1044 3304 1095 3352 in
1120 3322 1287 3370 campo
1313 3306 1379 3353 ael
1404 3304 1625 3370 Tib[erim
1648 3304 1823 3353 Moeris
1852 3303 1963 3369 imp.
1989 3301 2165 3352 Caesar

882 3384 1118 3450 Auqustas
1152 3385 1396 3434 inmolavit
1427 3385 1619 3450 hostias]
1657 3384 1661 3452 Ι
1690 3384 1964 3450 prodiqzbas
1989 3382 2164 3432 Achivo

880 3474 977 3513 rna
1013 3482 1064 3514 eo
1085 3502 1265 3514 ......

2196 3558 2216 3614 ,³

2200 3687 2216 3796 ἑ
