2216 3796
359 320 454 373 350
761 331 1119 364 ADmTAMEN-TA
1157 332 1222 364 AD
1258 331 1391 365 ACTA
1427 331 1696 364 ARVALIVM.

357 460 485 494 nemos
498 447 786 484 architecturae
807 445 1010 483 Romanae
1039 446 1188 495 peritus
1219 446 1292 484 sibi
1324 445 1637 495 persuadeat1)..
1674 445 1756 484 Iam
1778 458 1872 484 vero
1901 446 2107 496 notamina

359 528 433 552 uno
456 520 571 556 certe
604 513 690 561 loco
732 513 946 551 luculenter
981 513 1161 552 dicuntur
1199 514 1400 562 proposita
1435 514 1561 559 fuisse
1597 525 1675 551 non
1710 513 1749 560 in
1789 514 1937 563 pariete
1963 513 2102 566 :filistim
2162 527 2165 531 ’

356 582 549 620 exteriore
586 580 770 627 aedificii,
815 581 883 618 sed
921 581 1034 618 intra.
1110 582 1153 619 ln
1192 582 1326 618 tabula
1362 581 1464 619 enim
1504 594 1538 618 a.
1571 581 1618 619 81
1661 581 1866 633 adnotatur
1900 580 2099 632 piaculum
2160 598 2162 601 ’

356 650 497 686 factum
535 660 623 686 esse
660 658 714 686 os
753 659 912 686 FERRVM
949 659 1134 686 ιΝιΑτνινι
1171 659 1350 686 ιΝΑΕοΕΜ
1381 659 1611 686 scmrtvuae
1640 658 1811 696 εΑνεεΑ,
1846 653 1885 686 et
1919 647 2104 698 deinceps
2160 691 2162 693 ,

355 727 409 755 os
437 726 597 753 FERRVM
619 726 669 753 DE
695 726 796 753 AEDE
822 727 999 754 ELATvm:
1031 728 1221 754 annorum
1252 722 1466 754 ceterorum
1499 723 1614 753 notae
1643 716 1800 754 brevius
1829 715 2003 755 referunt
2021 717 2102 764 fer-
2165 703 2166 706 Ἴ

354 797 436 821 rum
464 784 623 821 inlatum
651 783 714 821 vel
744 783 881 821 elatum
910 795 1018 831 esse,
1053 783 1100 822 de
1129 784 1218 821 loco
1254 784 1351 822 nihil
1381 783 1580 821 addentes.
1970 822 1985 830 „

465 851 587 900 Quae
613 863 701 888 cum
737 851 794 888 ita
831 852 927 899 sint,
963 856 1050 889 acta
1086 851 1242 901 collegii
1277 851 1324 889 ad
1363 851 1581 889 aedificium
1621 851 1832 896 rotundum
1869 851 1951 892 ullo
1974 851 2104 891 modo

355 919 590 969 pertinuisse
620 930 733 968 nego.

464 985 579 1034 Quod
610 986 642 1024 si
671 999 805 1024 verum
836 992 914 1035 est,
954 986 1068 1025 valde
1098 986 1352 1024 dubitandum
1385 1000 1475 1025 num
1512 999 1649 1024 revera
1683 987 1779 1024 deae
1809 986 1915 1026 Diae
1937 998 2106 1039 sactum
2155 994 2159 1002 ¹

355 1055 479 1092 fuerit.
537 1053 676 1103 Neque
706 1054 806 1104 fugit
834 1053 1062 1092 Henzenum
1094 1054 1296 1102 (relazione
1323 1068 1360 1104 p.
1385 1054 1461 1103 XI)
1493 1055 1603 1092 locus
1633 1061 1807 1092 actorum
1837 1053 1940 1094 unde
1964 1054 2104 1103 aedem

355 1123 450 1160 deae
480 1121 583 1159 Diae
617 1121 824 1159 rotundam
862 1134 939 1160 non
975 1122 1099 1160 fuisse
1135 1123 1220 1160 iure
1254 1122 1481 1183 suspiceris.
1550 1124 1666 1159 Anno
1701 1122 1806 1159 enim
1837 1121 1928 1161 183
1938 1133 2104 1181 mum

355 1190 499 1228 factum
531 1196 593 1227 est
620 1191 742 1238 operis
770 1189 975 1227 inclinandi
1003 1202 1132 1236 causa,
1163 1191 1264 1239 quod
1291 1192 1332 1227 in
1351 1191 1515 1239 fastiqio
1544 1191 1650 1227 aedis
1679 1190 1770 1227 deae
1797 1189 1906 1229 Diae
1919 1188 2026 1240 m
2050 1192 2105 1230 in·

353 1264 444 1295 nata
475 1264 585 1295 esset·
618 1257 816 1307 fastigium
849 1269 940 1295 vero
970 1257 1018 1294 de
1048 1257 1144 1295 aede
1174 1257 1366 1307 quadrata
1396 1257 1524 1306 potius
1553 1269 1670 1306 quam
1700 1256 1870 1296 rotunda
1897 1247 2107 1307 dieiturss)

355 1324 482 1373 Quam
513 1325 563 1362 ob
592 1337 671 1362 rem
702 1337 838 1362 eorum
869 1325 1062 1363 sententia
1090 1325 1155 1374 qui
1186 1325 1402 1362 aedificium
1432 1325 1639 1362 rotundum
1663 1323 2107 1372 Caesareum'dixerunt

356 1393 473 1442 digna
508 1404 602 1430 sane
638 1398 699 1430 est
734 1404 835 1441 quae
873 1393 1014 1430 iterum
1052 1392 1307 1430 examinetur.
1381 1391 1499 1440 Quod
1537 1398 1577 1430 ut
1614 1405 1699 1430 cum
1738 1392 1867 1431 fructu
1903 1392 2105 1440 efficiatur,

357 1472 593 1510 magnopere
628 1459 841 1510 optandum
877 1467 938 1497 est
974 1467 1015 1498 ut
1048 1472 1140 1510 ager
1174 1459 1240 1497 ille
1275 1466 1354 1498 tam
1391 1459 1502 1497 ferax
1540 1460 1858 1498 documentorum
1893 1460 2105 1510 insignium

355 1529 493 1565 iterum
535 1534 760 1577 temptetur,
798 1528 1025 1576 praesertim
1062 1539 1110 1564 ea
1143 1539 1236 1576 pars
1272 1539 1388 1576 quam
1427 1527 1617 1565 Henzeno
1651 1528 1847 1578 attingere
1883 1540 1962 1566 non
1990 1527 2108 1566 -l-icuit

355 1601 512 1633 vetante
541 1595 718 1643 domino,
756 1595 842 1633 dico
874 1596 1026 1633 vineam
1056 1593 1244 1644 Stephani
1276 1593 1503 1633 Ceccarellii
1535 1608 1564 1633 a,
1587 1595 1755 1640 sinistra*
1786 1601 1896 1644 parte
1925 1595 2011 1635 viae
2045 1607 2106 1649 ref

356 1663 478 1701 centis
508 1663 637 1700 sitam.
701 1662 805 1700 Nam
837 1664 870 1701 si
900 1675 1001 1711 quae
1030 1675 1150 1712 supra
1179 1662 1466 1713 disputavimus
1494 1675 1588 1700 vera
1617 1669 1719 1709 sunt,
1750 1662 1986 1701 effossiones
2016 1662 2106 1701 ulti-

357 1731 429 1769 mis
461 1731 520 1768 his
551 1731 665 1768 annis
700 1731 902 1768 institutae
937 1743 985 1768 ne
1020 1736 1282 1780 pervenerunt
1311 1730 1469 1779 quidem
1508 1730 1558 1767 ad
1594 1742 1680 1768 eum
1717 1730 1867 1778 locum,
1905 1731 1983 1780 quo
2018 1736 2111 1771 acta!

355 1798 509 1847 collegii
555 1798 770 1848 antiquitus
807 1799 1057 1848 prostabant3
1102 1804 1140 1835 et
1176 1804 1350 1838 actorum
1393 1798 1614 1849 fragmenta
1650 1810 1751 1847 quae
1794 1799 1983 1855 habemus
2015 1798 2109 1836 licet
2168 1829 2171 1841 ,

355 1866 490 1915 ampla
522 1866 729 1904 videantur
763 1871 802 1903 et
837 1866 996 1915 prolixa
1030 1867 1069 1904 in
1106 1872 1216 1904 tanta
1252 1866 1570 1904 documentorum
1611 1866 1695 1904 eius
1739 1866 1895 1916 generis
1932 1865 2106 1915 penuria,
2159 1867 2165 1884 ³

356 1934 500 1975 misera
538 1940 628 1971 sunt
666 1939 704 1971 et
737 1933 869 1972 lacera
906 1934 938 1971 si
975 1934 1218 1984 reputaveris
1256 1933 1391 1983 quanti
1428 1933 1597 1971 ambitus
1636 1934 1730 1973 olim
1768 1933 1922 1973 fuerint.
1989 1931 2108 1972 Velut

355 2014 405 2040 ex
444 2001 542 2039 actis
587 2001 804 2051 imperante
844 2002 894 2039 M.
933 2002 1099 2040 Aurelio
1138 2002 1312 2039 exaratis
1351 2001 1418 2039 vix
1456 2001 1658 2051 octoginta
1692 2013 1876 2039 versuum
1921 2000 2107 2050 reliquiae

356 2075 581 2119 supersunt,
611 2081 698 2107 cum
730 2080 868 2107 versus
898 2068 987 2119 plus
1018 2070 1124 2107 mille
1154 2070 1388 2119 quingentos
1419 2068 1512 2106 olim
1539 2068 1664 2107 fuisse
1688 2069 1988 2107 ratiocinatione
2008 2068 2107 2107 satis
2165 2068 2170 2078 ⁶
2196 2057 2200 2068 ¹

356 2137 549 2186 probabili
585 2136 788 2175 efficiatur.
862 2138 922 2174 Ac
956 2151 1003 2174 ne
1039 2137 1079 2174 id
1113 2136 1270 2185 quidem
1306 2136 1590 2188 neglegendum
1627 2142 1706 2182 est,
1741 2149 1766 2174 a
1801 2136 1963 2175 sinistra
1994 2141 2108 2187 parte

358 2205 443 2243 viae
481 2211 571 2242 ante
610 2205 683 2241 hos
727 2204 913 2242 ducentos
952 2217 1075 2242 annos
1114 2216 1210 2242 casu
1245 2210 1426 2254 repertas
1464 2216 1552 2243 esse
1591 2204 1745 2242 tabulas
1782 2204 1957 2254 integras
1995 2204 2107 2250 duas,

356 2285 481 2322 neque
512 2279 643 2310 tamen
674 2273 754 2311 ullo
785 2278 962 2323 tempore
986 2273 1051 2311 via
1080 2285 1126 2310 ac
1153 2273 1303 2310 ratione
1333 2272 1565 2310 effossiones
1594 2271 1806 2310 institutas.
1856 2270 2109 2322 Quapropter

357 2348 397 2380 ut
426 2346 717 2379 monumentum
748 2341 787 2377 in
816 2354 945 2378 rerum
975 2340 1241 2378 Romanarum
1273 2341 1461 2378 memoria
1496 2340 1753 2378 clarissimum
1787 2338 2005 2377 accuratius
2040 2351 2106 2376 ex-

356 2409 589 2459 plorandum
619 2422 667 2446 ne
697 2409 879 2446 omittant
907 2409 941 2446 ei
974 2419 1092 2457 penes
1121 2420 1220 2460 quos
1251 2421 1379 2445 rerum
1411 2408 1658 2457 antiquarum
1687 2411 1782 2444 cura
1811 2406 1970 2456 publica
2004 2418 2108 2444 nunc

356 2484 416 2514 est
445 2476 699 2522 adhortamur
728 2482 845 2525 atque
876 2487 1091 2514 monemus.
1663 2469 1667 2473 ’

458 2604 487 2645 ¹)
514 2606 567 2637 Ex
595 2606 803 2638 ornamentis
830 2605 937 2646 partis
962 2605 1132 2637 interioris
1158 2604 1262 2645 cellae
1288 2615 1391 2637 unum
1425 2605 1634 2646 repperimus
1654 2603 1906 2646 'fragment-um,
1941 2602 2032 2646 quod
2063 2602 2108 2635 ad

355 2671 485 2708 partem
512 2668 614 2699 imam
639 2666 794 2708 pertinet.
847 2666 976 2700 Saxum
1003 2670 1054 2698 est
1078 2666 1159 2698 satis
1186 2675 1345 2705 crassum,
1379 2666 1471 2707 spira
1495 2671 1529 2697 et
1553 2665 1671 2708 regula
1695 2668 1863 2705 ornatum,
1896 2668 1930 2697 et
1954 2664 2003 2696 ita
2027 2673 2106 2696 con·

356 2738 473 2760 cavum
500 2733 536 2760 ut
562 2728 765 2770 respondeat
791 2728 951 2760 convexis
972 2737 1063 2775 >quae
1089 2727 1274 2759 delineavit
1298 2727 1514 2759 Lancianius.
1986 2728 1993 2734 ’

456 2788 487 2828 2)
515 2789 615 2829 Quod
640 2790 821 2827 Henzenus
848 2788 1024 2828 (relazione
1050 2799 1082 2830 p.
1100 2788 1166 2827 XI)
1194 2788 1288 2820 addit
1313 2788 1457 2820 fortasse
1488 2793 1565 2820 ante
1597 2788 1785 2829 ingressum
1816 2785 1910 2819 aedis
1940 2785 2108 2828 porticum

356 2851 522 2882 adiectam
548 2850 664 2890 fuisse,
692 2855 729 2882 ut
755 2855 805 2882 est
829 2851 863 2882 in
882 2850 1048 2889 Pantheo,
1076 2849 1264 2882 accuratius
1290 2850 1493 2881 examinatis
1519 2848 1718 2891 fragmentis
1743 2856 1829 2907 quae
1855 2857 1898 2879 ex
1922 2846 2051 2889 pariete
2075 2850 2109 2878 et

356 2912 513 2953 epistylio
540 2916 774 2943 remanserunt
799 2911 973 2944 refellitur.
1025 2911 1094 2944 Sed
1120 2911 1163 2942 de
1187 2910 1240 2942 his
1266 2911 1331 2942 nisi
1357 2910 1480 2942 additis
1506 2909 1709 2952 imaginibus
1735 2918 1821 2951 quae
1847 2917 1945 2966 spero
1970 2907 2044 2966 fore
2071 2911 2110 2939 ut

357 2973 424 3004 alio
451 2973 525 3004 loco
552 2981 741 3015 proponere
767 2973 894 3014 possim
920 2972 1099 3005 diiudicari
1126 2972 1252 3013 nequit.

1707 3015 1807 3055 Gna.
1837 3014 2050 3054 Humsnn:

969 3261 1102 3293 Prodiit
1127 3261 1160 3292 d.
1187 3260 1251 3292 Iul.
1270 3261 1314 3292 28
1342 3270 1372 3292 a.
1396 3260 1498 3292 1892.

1362 3512 1415 3543 Ex
1442 3509 1669 3551 typographia
1698 3507 1835 3548 Imperii
1861 3506 2068 3539 Germanici.
