2216 3796
375 332 402 377 2
410 333 470 378 70
1189 299 1317 377 A>CTA

375 459 437 509 agi
470 459 516 496 de
545 458 648 496 ludis
669 470 718 494 ex
738 456 975 495 liberalitate
1005 457 1120 495 editis
1135 457 1185 507 ¹).
1232 458 1330 495 Item
1354 458 1457 507 apud
1480 456 1710 496 Suetonium
1740 468 1987 508 nequaquam
2007 455 2128 508 signi-
2162 447 2164 457 ;
2191 468 2193 477 ¹

374 526 543 564 ficantur
571 525 653 562 ludi
683 529 843 575 propter
871 525 1074 563 honorem
1092 525 1260 576 aliquem
1290 526 1538 576 impetratum
1571 539 1594 563 a
1613 525 1907 576 magistratibus
1936 523 2033 564 editi
2059 535 2132 575 op·
2168 527 2183 575 J,

377 593 493 642 positi
525 592 850 639 sacerdotalibus,
881 605 1008 642 neque
1039 593 1141 631 enim
1172 594 1227 632 sic
1256 594 1488 643 explicatur,
1518 606 1585 631 cur
1613 593 1652 630 id
1683 598 1820 631 auctor
1841 591 2039 631 addiderit
2063 604 2134 631 ne·
2178 608 2193 627 ξ.

376 673 451 710 que
482 660 602 698 ullum
634 661 730 698 alibi
757 660 946 698 indicium
976 662 1170 710 reperitur
1199 662 1379 699 ludorum
1411 661 1623 700 sollemnes
1653 660 1736 700 dies
1765 661 1815 699 ab
1836 662 2018 712 Augusto
2046 670 2134 698 esse

375 728 617 765 imminutos.
666 728 793 766 Immo
824 729 897 766 hoc
927 729 1068 778 opinor
1098 729 1268 779 scriptor
1297 730 1364 776 ait,
1394 741 1482 766 cum
1512 729 1640 766 adhuc
1669 727 1911 767 consuetudo
1939 726 2135 767 obtinuis·
2193 727 2196 755 ἕ

379 801 451 841 set,
483 802 525 833 ut
554 796 808 847 magistratus
840 796 1115 834 sacerdotesve
1146 803 1286 846 sponte
1317 809 1390 834 sua
1419 797 1533 835 ludos
1561 796 1721 835 ederent
1748 801 1854 834 certo
1874 806 2035 835 numero
2055 794 2138 834 die·

380 877 486 910 rum,
523 863 562 900 id
592 865 818 914 Augustum
854 863 937 902 fieri
969 865 1154 902 vetuisse.
1185 886 1238 892 —
1266 863 1391 902 Ludis
1428 865 1651 903 honorariis
1686 865 1743 902 ita
1778 862 1988 914 explicati·
2022 861 2138 902 simul

380 931 576 980 explicata
605 937 666 969 est
695 943 796 981 quae
823 932 863 969 in
895 933 1018 970 sacris
1041 932 1246 970 Arvalium
1277 932 1339 969 die
1370 932 1544 970 secundo
1573 932 1770 970 immolari
1800 931 1903 970 solet
1929 934 2022 982 post
2045 942 2138 981 por·
2192 941 2212 986 ζ’-

380 1012 445 1036 cas
468 999 691 1048 piaculares
720 1011 836 1037 vacca
865 999 1072 1038 honoraria
1085 997 1137 1049 2).
1186 999 1285 1037 Eam
1316 1012 1403 1037 cum
1434 999 1561 1037 adhuc
1582 999 1756 1037 diximus
1770 998 1810 1048 3)
1839 998 1932 1037 inde
1959 997 2138 1051 appella·
2182 999 2194 1039 ‘s
2209 1019 2212 1023 ’

380 1074 460 1104 tam
490 1066 627 1113 videri,
660 1066 764 1116 quod
795 1066 871 1104 diis
903 1079 1017 1106 sacra
1045 1068 1144 1105 fiunt
1173 1068 1323 1105 honoris
1354 1080 1439 1117 erqo
1452 1067 1506 1116 4),
1538 1068 1657 1105 verba
1685 1067 1878 1112 dedimus,
1910 1064 2139 1116 nam‘quod
2194 1065 2213 1105 3

382 1135 562 1172 omnibus
585 1147 790 1172 commune
810 1139 884 1181 est,
916 1136 966 1172 ad
997 1137 1166 1184 speciem
1188 1135 1504 1184 distinguendam
1535 1147 1612 1173 non
1642 1141 1773 1184 potest
1801 1133 1999 1184 usurpari,
2024 1132 2140 1184 quasi

382 1203 417 1240 ei
452 1202 654 1252 proprium
683 1209 802 1241 esset.
861 1204 916 1240 At
945 1204 1040 1252 quid
1070 1203 1214 1249 subsit,
1252 1203 1496 1253 significatur
1525 1203 1621 1252 ipsis
1654 1205 1751 1241 actis
1781 1201 2004 1249 Arvalium,
2039 1213 2142 1252 quae
2197 1199 2216 1220 ³

382 1271 550 1308 victimis
582 1270 806 1308 honorariis
836 1275 1042 1321 opponunt
1076 1271 1310 1321 piaculares.
1367 1270 1472 1309 Nam
1501 1270 1699 1321 piaculum
1728 1271 1794 1321 qui
1823 1271 1931 1318 facit,
1967 1268 2142 1308 debitum
2193 1277 2216 1331 ζ,

385 1339 520 1385 solvit;
551 1343 688 1376 contra
707 1351 828 1376 vacca
855 1339 926 1376 illa
956 1339 1044 1377 ideo
1076 1339 1289 1377 honoraria
1318 1339 1552 1388 appellatur,
1584 1339 1690 1389 quod
1720 1343 1860 1389 sponte
1880 1337 2027 1377 donata
2044 1336 2141 1376 deae

384 1407 611 1445 immolatur
625 1406 676 1456 5).

495 1474 599 1512 Ludi
636 1474 806 1512 scaenici
836 1473 972 1512 Latini
1009 1475 1221 1514 sollemnes
1257 1475 1357 1513 fiunt
1393 1488 1463 1526 per
1497 1481 1632 1514 noctes
1667 1479 1748 1513 tres
1778 1474 1944 1532 diesque¹
1978 1470 2199 1513 totidem

387 1544 471 1582 sine
499 1542 795 1581 intermissione
823 1542 891 1590 ibi,
922 1543 987 1580 ubi
1019 1555 1130 1581 sacra
1159 1555 1315 1593 quoque
1343 1549 1598 1594 peraguntur,
1627 1543 1668 1580 in
1694 1554 1846 1593 campo,
1875 1542 2003 1592 prims
2029 1547 2144 1580 nocte

386 1611 464 1649 ritu
492 1616 647 1649 vetusto
684 1610 723 1647 in
760 1623 905 1648 scaena
940 1610 1028 1648 sola
1064 1611 1148 1648 sine
1183 1610 1472 1660 spectaculisss)
1512 1611 1636 1660 (recte
1664 1611 1785 1661 igitur
1814 1609 1999 1648 Zosimus
2029 1607 2068 1658 2,
2098 1609 2142 1646 5:

386 1674 774 1722 κατασκευασθείσης
803 1679 941 1724 σκηνῆς
971 1672 1070 1728 δίχα
1099 1672 1283 1733 θεάτρου,
1313 1679 1379 1716 ubi
1408 1691 1613 1729 perperam
1636 1678 1925 1716 substituerunt
1951 1677 2144 1716 recentio-

387 1758 450 1784 res
483 1743 616 1795 δίκην),
655 1746 794 1784 deinde
825 1746 978 1784 theatro
1010 1751 1186 1784 extructo
1217 1752 1255 1783 et
1285 1746 1393 1784 sellis
1425 1746 1578 1796 positis.
1639 1745 1818 1786 Scaenici
1846 1738 2048 1785 honorarii
2077 1745 2144 1784 ad-
2212 1748 2214 1751 '

388 1814 478 1852 iecti
515 1827 538 1851 a
569 1813 840 1851 sacerdotibus
876 1827 926 1851 ex
963 1814 1201 1852 liberalitate
1235 1819 1274 1852 et
1311 1814 1528 1852 continuati
1563 1814 1790 1852 intermisso
1819 1813 1884 1852 die
1908 1813 2043 1852 Iun.4
2075 1825 2146 1864 per
2214 1821 2216 1825 '

390 1882 475 1920 dies
508 1888 656 1931 septem
687 1895 711 1919 a
740 1895 831 1919 non.
852 1881 938 1919 Iun.
971 1882 1019 1919 ad
1042 1882 1106 1919 ΙΙΙ
1135 1882 1185 1919 id.
1209 1882 1292 1919 Iun.
1316 1899 1364 1914 =
1387 1882 1472 1919 Iun.
1496 1881 1634 1919 5-11
1665 1882 1764 1920 fiunt
1792 1894 1880 1920 cum
1897 1879 2033 1920 Latini
2057 1885 2144 1920 ‘tum

393 1949 539 1988 Graeci
569 1955 608 1988 et
636 1950 677 1987 hi
707 1950 773 1987 alii
804 1950 1007 1999 thymelici
1038 1956 1141 1997 sunt,
1172 1950 1240 1987 alii
1271 1950 1393 1988 astici.
1438 1950 1537 1988 Rem
1560 1949 1733 1999 explicat
1751 1949 1956 1988 Vitruvius
1987 1948 2081 1997 5,7,
2101 1947 2145 1986 2:
2211 1951 2214 1953 ’

392 2021 526 2068 traqici
561 2025 594 2056 et
624 2019 751 2056 comici
779 2024 923 2056 actores
957 2020 996 2055 in
1025 2030 1161 2056 scaena
1191 2025 1397 2068 perquam,
1435 2018 1572 2068 reliqui
1607 2024 1728 2056 autem
1761 2017 1922 2067 artifices
1951 2029 2043 2056 suas
2074 2029 2148 2067 per
2214 2024 2216 2028 ’

393 2086 621 2124 orchestram
650 2092 851 2135 praestant
880 2088 1065 2124 actiones:
1100 2088 1225 2135 itaque
1255 2099 1298 2124 ex
1327 2099 1366 2124 eo
1397 2088 1559 2124 scaenici
1588 2092 1621 2123 et
1649 2085 1836 2135 thymelici
1866 2083 2010 2124 Graece
2038 2096 2148 2135 sepa-

392 2157 504 2192 ratim
535 2156 782 2192 nominantur.
826 2154 1025 2204 Ulpianus
1055 2166 1211 2204 quoque
1242 2154 1351 2204 (Dig.
1371 2153 1408 2202 3,
1432 2153 1469 2201 2,
1490 2155 1515 2192 4
1535 2154 1614 2204 pr.)
1644 2153 1876 2204 thymelicos
1903 2153 1956 2193 iis
1985 2152 2150 2204 opponit
2194 2170 2195 2174 =

498 2415 528 2457 ¹)
564 2417 695 2449 Eadem
720 2416 967 2458 significatione
993 2416 1228 2459 accipiendum
1254 2420 1303 2448 est
1320 2416 1520 2448 vocabulum
1545 2416 1603 2448 ubi
1628 2419 1808 2459 usurpatur
1833 2415 1876 2448 de
1895 2415 1974 2448 vino
1999 2414 2148 2448 stamen-

395 2483 507 2520 toque.
550 2478 702 2510 Isidorus
729 2478 812 2520 orig.
834 2479 889 2518 20,
910 2478 943 2519 3,
963 2479 1002 2510 8:
1029 2476 1241 2510 honorarium
1258 2478 1366 2510 vinum
1384 2476 1473 2520 quod
1494 2476 1628 2520 reqibus
1652 2482 1683 2509 et
1700 2474 1890 2521 potentibus
1907 2475 2044 2509 honorio
2067 2486 2148 2519 qra-

395 2540 445 2572 tia
461 2538 617 2582 defertur.
660 2537 740 2571 Cato
760 2538 800 2571 de
816 2539 1004 2571 innocentia
1021 2549 1100 2571 sua.-
1127 2550 1197 2572 cum
1221 2549 1320 2571 essem
1344 2539 1379 2571 in
1397 2539 1579 2582 provincia
1598 2538 1727 2582 leqatus
1750 2537 1958 2582 quamplures
1982 2535 2030 2570 ad
2049 2547 2149 2582 prae-

396 2605 484 2633 tores
508 2605 540 2633 et
569 2600 732 2640 eonsules,
768 2601 877 2632 vinum
907 2599 1119 2633 honorarium
1143 2599 1269 2638 dabant
1299 2600 1354 2641 (cf.
1374 2599 1584 2633 Staatsrecht
1606 2598 1644 2633 13
1673 2611 1707 2643 p.
1727 2600 1797 2632 300
1821 2603 1892 2632 not.
1913 2598 1947 2639 2)
1979 2608 2151 2643 numquam

396 2662 513 2705 accepi
535 2672 574 2693 ne
597 2662 752 2705 privatus
776 2661 914 2705 quidem.
967 2661 1086 2694 Cicero
1111 2663 1145 2694 in
1173 2662 1289 2695 Pison.
1310 2661 1365 2702 35,
1387 2662 1447 2694 86:
1481 2662 1539 2705 qui
1561 2660 1675 2694 modus
1700 2659 1762 2693 tibi
1774 2659 1849 2702 ficit
1859 2659 2024 2702 frumenti
2047 2658 2151 2700 (seili-

398 2728 450 2755 cet
475 2724 509 2755 in
535 2723 666 2763 cellam,
700 2723 790 2766 quod
815 2723 1031 2765 magistratus
1056 2723 1197 2765 requirit
1221 2722 1383 2765 legitime)
1412 2722 1609 2755 aestimandi
1616 2723 1630 2754 ,²
1662 2723 1719 2766 qui
1742 2720 1939 2755 honorarii-²
1969 2721 2002 2753 εἰ
2023 2719 2151 2765 quidem

395 2789 504 2828 potest
527 2785 563 2816 vi
587 2788 618 2816 et
641 2788 724 2816 meta
750 2788 908 2816 extortum
932 2782 1143 2817 honorarium
1168 2785 1341 2817 nominari.

500 2844 531 2885 2)
569 2847 710 2878 Henzen
736 2845 855 2878 Arval.
880 2856 913 2887 p.
934 2846 989 2878 20.

501 2905 535 2947 ³)
572 2908 673 2939 Venit
704 2907 937 2949 interpretatio
969 2917 989 2939 a
1021 2908 1169 2940 Marinio
1197 2907 1314 2939 Arval.
1341 2918 1373 2949 p.
1394 2907 1481 2940 310:
1516 2917 1593 2939 eum
1625 2907 1729 2939 secuti
1762 2910 1839 2940 sunt
1868 2906 2008 2939 Henzen
2033 2904 2152 2938 Arval-

400 2979 433 3010 p.
453 2969 496 3000 22
524 2973 557 3000 et
581 2968 779 3010 Marquardt
803 2966 939 3000 Handb.
961 2969 993 3008 6,
1016 2968 1095 3001 185.

501 3028 534 3070 4)
572 3029 748 3062 Arnobius
775 3031 806 3070 7,
829 3029 872 3061 13
890 3039 959 3071 seq.
1929 3072 1933 3078 1

503 3089 533 3131 ⁵)
571 3091 703 3123 Eodem
728 3091 898 3132 pertinere
916 3091 1048 3123 videtur
1074 3091 1165 3133 quod
1191 3091 1235 3123 ad
1252 3091 1397 3133 Vergilii
1424 3091 1525 3123 verba
1543 3092 1630 3123 Aen.
1652 3091 1683 3130 1,
1703 3091 1790 3123 632:
1816 3088 1926 3121 divum
1952 3087 2081 3133 templis
2103 3088 2154 3120 in·

402 3152 485 3185 dicit
509 3151 661 3184 honorem
686 3152 824 3186 Servius
849 3151 1040 3184 adnotavit:
1072 3151 1236 3184 indictiva
1260 3152 1429 3196 sacrificia
1454 3150 1656 3192 dicebantur,
1683 3161 1766 3194 quae
1792 3149 1898 3183 subito
1924 3148 1971 3199 ad
1996 3159 2155 3194 praesens

404 3219 526 3258 tempus
554 3211 802 3246 indicebantur:
829 3211 1021 3245 dicebantur
1046 3224 1147 3246 sacra
1178 3218 1209 3245 et
1240 3211 1438 3254 honoraria,
1473 3212 1561 3257 quod
1589 3217 1757 3256 utrumque
1788 3210 1850 3244 hoc
1874 3211 1946 3244 loco
1971 3209 2156 3255 complexus

402 3275 543 3308 videtur.

505 3336 537 3378 ⁶)
575 3337 742 3379 Populum
769 3336 963 3369 Romanum
987 3340 1104 3368 notum
1131 3340 1181 3368 est
1206 3337 1396 3381 antiquiore
1422 3341 1573 3378 tempore
1605 3336 1702 3368 ludos
1728 3338 1871 3368 stantem
1897 3333 2098 3376 spectavisse
2123 3335 2156 3364 et

406 3409 437 3431 a.
457 3399 524 3431 599
552 3403 702 3431 senatum
722 3398 918 3438 decrevisse,
946 3407 985 3429 ne
1011 3393 1083 3440 quis
1107 3398 1141 3428 in
1167 3396 1245 3429 urbe
1267 3398 1464 3440 propriusve
1483 3408 1522 3441 p.
1542 3397 1630 3430 mille
1656 3395 1813 3429 subsellia
1830 3395 1983 3439 posuisse
2003 3392 2156 3427 sedensue

407 3459 502 3492 ludos
526 3464 673 3502 spectare
697 3459 796 3492 vellet
821 3458 910 3499 (Val.
929 3459 1025 3491 Max.
1045 3460 1077 3499 2,
1098 3460 1131 3499 4,
1152 3459 1198 3498 2).
