2216 3796
445 332 542 379 352
1058 345 1401 379 ADmTAMEN‘rA
1436 347 1566 379 Nova

441 470 615 509 rationes
644 469 773 508 varias
803 474 988 508 eventum
1018 483 1100 508 non
1129 470 1279 508 habuit.
1331 471 1410 509 Sed
1439 469 1509 519 qui
1539 471 1588 508 ab
1620 471 1757 509 eadem
1786 469 1986 509 academia
2015 470 2122 510 edun
2149 469 2178 504 ·¹

442 539 622 578 fasciculi
651 538 846 577 menstrui
878 535 1025 591 (boletin
1053 539 1097 577 de
1127 540 1166 577 la
1194 539 1294 578 Real
1324 539 1528 578 Academia
1556 539 1600 578 de
1630 540 1669 577 la
1697 537 1866 592 historia)
1897 540 1946 579 de
1978 539 2099 579 rebus
2144 559 2172 573 ι·

439 607 646 647 historiam
675 607 895 658 Hispaniae
925 607 1151 647 universam
1181 608 1452 659 spectantibus
1484 607 1615 647 officio
1645 607 1715 647 illo
1746 608 1882 658 aliqua
1908 609 2063 648 ratione
2092 609 2178 648 fun·

439 682 608 729 guntur,
647 676 704 715 ita
741 682 892 729 tamen,
933 682 979 716 ut
1007 678 1182 728 legentes
1220 692 1241 716 e
1277 677 1534 716 multitudine
1563 690 1695 715 rerum
1723 676 1890 716 aliarum
1919 682 2111 728 cogantur
2139 691 2161 717 e
2184 727 2186 731 y

440 745 652 798 expiscari,
692 759 793 795 quae
830 745 1032 796 pertinent
1060 747 1111 785 ad
1141 746 1397 796 antiquitates
1426 748 1638 785 Romanas.
1699 745 1882 785 Accessit
1908 758 2037 798 nuper
2065 747 2160 798 eph

438 814 557 853 meris
592 814 688 853 item
723 819 924 853 menstrua
960 814 1095 854 critica
1130 816 1236 854 edita
1265 829 1288 853 a
1317 816 1518 865 Raphaele
1549 814 1744 854 Altamira
1778 813 1951 868 (Revista
1979 814 2110 854 critica
2145 830 2188 847 ,2

439 884 596 922 kistorm
622 899 650 936 y
680 883 888 936 literatura,
921 884 1074 923 Matriti
1108 886 1213 923 1895
1236 883 1323 937 ss.),
1356 898 1456 934 quae
1487 884 1608 923 etiam
1638 885 1686 923 de
1716 883 2020 934 antiquitatibus
2049 889 2088 923 et
2115 884 2183 924 in·-

438 953 721 1003 scriptionibus
758 954 873 992 novis
909 953 1074 1004 repertis
1103 954 1249 992 referre
1280 953 1358 992 sibi
1387 952 1596 1003 proposuit
1625 957 1743 1003 atque
1772 952 1853 994 iam·
1883 953 2059 993 continet
2086 953 2164 992 Ber
2190 966 2206 996 '.

436 1022 576 1072 langae
607 1022 918 1072 disputationem
947 1023 995 1061 de
1026 1022 1295 1061 tintinnabulo
1327 1022 1614 1061 Tarraconensi
1643 1019 1762 1075 (infra
1791 1035 1829 1061 ιι.
1857 1018 1962 1076 198).
1996 1023 2059 1079 4Ῑιι
2088 1007 2165 1060 Por
2182 1056 2183 1061 ,

434 1091 601 1141 tugallia
653 1095 866 1142 postquam
920 1091 1140 1142 ephemeris
1190 1091 1343 1129 Revista
1387 1090 1642 1142 archeoloqica
1685 1090 1790 1130 dicta
1834 1095 1874 1130 et
1917 1090 1966 1130 ab
2003 1092 2207 1147 Antomvj

436 1160 584 1210 Borges
629 1161 677 1198 de
727 1159 964 1210 Figueiredo
1016 1161 1122 1199 edita
1170 1159 1334 1198 editoris
1381 1164 1506 1198 morte
1561 1161 1682 1198 finem
1729 1159 1870 1198 habuit
1914 1159 2183 1212 immaturumf
2205 1178 2207 1182 ⁴

435 1230 627 1279 Iosephus
668 1228 780 1267 Leite
822 1230 870 1267 de
911 1229 1214 1281 Vasconcellos,
1268 1228 1594 1267 bibliothecarius
1637 1228 1933 1279 Olisiponensis
1966 1232 2014 1268 „g
2054 1227 2187 1275 ιιιιιεεῖ

436 1298 679 1348 ethnologici
709 1313 732 1337 a
752 1298 877 1336 Statio
909 1300 959 1337 da
979 1298 1106 1348 Veiga
1137 1297 1288 1337 conditi
1317 1298 1499 1350 director,
1531 1297 1574 1336 in
1603 1298 1737 1336 locum
1765 1296 1877 1337 illius
1906 1298 2022 1337 edere
2051 1297 2167 1348 coepi

438 1367 709 1418 ephemerides
746 1372 968 1407 menstruas
1007 1367 1217 1418 inscriptas
1255 1381 1277 1405 ο
1311 1367 1544 1418 Archeoloqo
1578 1367 1804 1419 Portuqu683
1844 1379 1943 1417 quas
1979 1380 2209 1421 speramu

435 1437 595 1486 longius
626 1438 834 1476 duraturas
863 1450 949 1475 esse
980 1450 1100 1486 quam
1129 1436 1210 1475 illa.
2192 1429 2210 1437 '⁴

549 1520 696 1557 Fontes
732 1518 967 1556 vetustiores
1008 1518 1058 1556 ad
1096 1516 1401 1568 inscriptionum
1430 1517 1702 1568 Hispanarum
1737 1516 1923 1556 notitiam
1959 1517 2181 1567 augendam
2200 1501 2211 1515 γ’

432 1587 552 1626 utiles
581 1601 663 1626 non
692 1587 791 1626 mihi
819 1588 1081 1626 innotuerunt
1108 1592 1264 1638 praeter
1293 1601 1431 1626 unum.
2183 1586 2189 1594 ’

549 1667 768 1719 Gregorius
797 1667 904 1706 enim
933 1669 1100 1718 Mayans
1120 1668 1206 1707 iure
1228 1669 1433 1707 consultus
1455 1668 1595 1720 clarus,
1617 1667 1679 1706 vir
1698 1666 1959 1719 amplitudine
1979 1666 2188 1706 doctrina

434 1741 473 1774 et
501 1736 641 1775 iudicii
669 1736 851 1775 acumine
882 1750 1002 1788 supra
1032 1726 1235 1776 saeculum
1265 1742 1304 1776 et
1332 1737 1527 1788 populum
1556 1750 1674 1776 suum
1703 1737 1896 1790 eminens,
1925 1735 2042 1775 annis
2072 1736 2208 1787 175.st

434 1810 472 1844 et
496 1807 602 1845 1760
625 1806 818 1856 epistulas
849 1807 947 1845 duas
977 1806 1132 1857 scripsit
1162 1809 1277 1845 Petro
1298 1808 1527 1845 Burmanno
1558 1807 1740 1846 Secundo
1771 1807 1821 1845 de
1849 1804 2207 1858 inscriptionibus

433 1875 607 1914 metricis
647 1875 689 1914 in
726 1876 928 1927 Hispania
963 1876 1141 1927 repertis.
1201 1876 1406 1926 Epistulas
1440 1877 1512 1915 has
1549 1877 1668 1928 duas,
1707 1875 1833 1915 editas
1861 1875 1906 1914 in
1933 1874 2195 1932 praefatione

432 1944 699 1994 Anthologiae
745 1949 921 1983 veterum
966 1945 1293 1996 epigrammatum
1336 1945 1571 1984 Latinorum
1615 1945 1664 1984 ab
1708 1946 1784 1984 hoc
1827 1947 1986 1984 curatae
2027 1944 2104 1983 vol.
2141 1939 2204 1983 11'

433 2011 734 2066 (Amsteledami
772 2011 914 2067 1773),
956 2015 1196 2053 recentiores
1238 2015 1328 2053 illas
1372 2028 1491 2063 quam
1534 2028 1634 2064 quae
1674 2014 1905 2065 prodierunt
1944 2013 1989 2053 in
2028 1999 2202 2065 syll0383}

432 2083 693 2133 epistularum
730 2084 930 2133 Mayansii
969 2084 1075 2122 edita
1112 2084 1267 2123 Matriti
1303 2098 1336 2123 a.
1376 2086 1481 2122 1734
1519 2090 1558 2122 et
1592 2085 1718 2136 1756,
1749 2083 1957 2123 valentiae
1986 2096 2020 2121 a.
2058 2083 2205 2138 1742’,“

432 2166 550 2201 quam
580 2151 750 2205 contuli,
784 2166 856 2202 ego
889 2158 1004 2191 antea
1034 2166 1116 2191 non
1144 2153 1319 2203 legeram
1349 2167 1478 2203 neque
1510 2153 1641 2192 extitit
1669 2153 1773 2192 inter
1801 2152 1908 2192 viros
1936 2153 2086 2203 doctos,
2109 2147 2201 2201 qui

431 2226 660 2272 apparatum
705 2222 1003 2273 epigraphicum
1044 2222 1219 2273 corporis
1261 2222 1567 2273 inscriptionum
1607 2222 1839 2262 Latinarum
1881 2215 2199 2279 congesseruntf

431 2291 577 2340 aliquis
622 2305 685 2330 me
730 2291 905 2341 peritior.
979 2291 1191 2330 Francisco
1235 2292 1477 2330 Buechelero
1522 2291 1774 2341 anthologiae
1818 2290 1983 2330 Latinae
2035 2286 2202 2336 editoriv

430 2360 659 2410 nuperrimo
707 2360 892 2413 contigit,
937 2366 982 2398 ut
1025 2360 1177 2411 primus
1222 2361 1374 2399 fontem
1414 2362 1522 2399 hunc
1563 2362 1691 2399 adhuc
1731 2360 1956 2411 neglectum
1995 2353 2203 2415 aperiret.

430 2429 527 2479 Agit
563 2429 794 2479 Mayansius
833 2429 876 2467 in
914 2429 1097 2480 epistulis
1134 2429 1217 2468 illis
1255 2429 1409 2468 duabus
1448 2431 1496 2468 de
1534 2429 1863 2480 inscriptionibus
1899 2427 2074 2468 metricis
2108 2441 2215 2482 goy<

428 2498 567 2536 nuinis
596 2500 705 2550 XVI,
737 2498 849 2537 falsis
868 2500 957 2550 VII,
990 2498 1216 2537 christianis
1245 2499 1310 2536 vel
1338 2498 1626 2537 recentioribus
1645 2500 1713 2538 VL
1763 2499 1893 2537 Notae
1923 2501 2017 2537 sunt
2040 2507 2189 2539 omnes·

428 2572 583 2617 praeter
613 2567 983 2618 Carthaginiensem
1011 2582 1146 2620 unam,
1173 2582 1293 2618 quam
1313 2568 1418 2606 infra
1439 2581 1526 2607 sero
1548 2570 1707 2607 demum
1726 2567 1876 2618 patriae
1896 2580 1991 2606 suae
2009 2556 2210 2621 ιοεπὶίςιιοξ

430 2634 483 2689 (n.
510 2633 617 2690 194).
659 2638 720 2675 EX
742 2637 1087 2676 observationibus
1109 2637 1195 2675 eius
1226 2638 1341 2676 doleo
1371 2651 1434 2676 me
1465 2641 1580 2676 antea
1609 2637 1814 2687 ignorasse
1843 2649 1944 2687 quae
1974 2624 2216 2702 adnotavit&

434 2707 483 2743 ad
513 2706 797 2756 epigrammata
825 2706 961 2756 pontis
990 2706 1288 2744 Alcantarensis
1319 2703 1372 2759 (n.
1407 2709 1428 2744 7
1435 2704 1525 2759 61);
1556 2708 1628 2745 has
1658 2711 1698 2744 et
1726 2705 1900 2756 reliquas
1928 2709 1974 2744 ut
2000 2699 2216 2757 legenter}

429 2775 634 2813 consulere
663 2780 828 2826 possent
857 2775 893 2814 si
921 2774 1120 2814 voluerint
1150 2775 1286 2814 addidi
1320 2775 1386 2814 hic
1425 2779 1683 2826 conspectum
1720 2775 1927 2814 titulorum
1966 2773 2174 2826 editorum3
2188 2775 2203 2830 ᾖ

427 2860 528 2895 quos
557 2846 625 2885 ille
654 2848 882 2886 Burmanno
914 2847 1024 2885 misit
1053 2846 1384 2886 adnotationibus
1414 2847 1498 2886 suis
1526 2848 1758 2887 illustratos.

553 2980 594 3012 n.
628 2975 706 3012 391
741 2975 907 3024 Mayans
936 2987 976 3024 p.
1007 2976 1065 3013 IX
1296 2988 1335 3013 n.
1356 2976 1466 3013 2314
1496 2976 1663 3025 Mayans
1692 2988 1731 3025 p.
1762 2974 1892 3013 XLIV

628 3044 708 3081 558
822 3073 846 3094 ‚‚
938 3074 960 3095 ,‚
1007 3044 1046 3081 X
1355 3046 1465 3083 2335
1580 3075 1602 3096 ‚,
1694 3075 1717 3095 ‚‚
1763 3044 1860 3081 XIV

629 3113 706 3149 761
823 3143 846 3163 „
938 3143 960 3163 ,‚
1008 3113 1086 3150 XV
1355 3115 1462 3151 3871
1579 3143 1602 3163 ‚,
1692 3143 1715 3164 „
1761 3112 1859 3150 XIX

602 3181 707 3218 1235
823 3211 846 3231 „
937 3211 959 3231 ,‚
1006 3181 1065 3218 X1
1353 3183 1463 3219 4137
1579 3212 1602 3231 ‚‚
1693 3211 1715 3232 ,‚
1761 3181 1874 3218 XLV

603 3250 708 3287 1293
823 3280 846 3300 ‚‚
937 3280 960 3301 ‚‚
1007 3250 1081 3287 XL
1352 3252 1463 3288 4314
1578 3281 1600 3301 „
1691 3280 1714 3300 ‚‚
1756 3249 1933 3287 XXXIV
1953 3259 1984 3286 s.
2007 3248 2080 3286 XL

602 3318 707 3355 1399
823 3348 845 3368 ,,
938 3348 960 3368 ‚‚
1006 3319 1080 3355 XL
1352 3320 1460 3356 4315
1575 3349 1598 3369 ‚,
1690 3348 1712 3369 7,
1758 3317 1935 3355 XXXIV
1955 3329 1984 3355 s.
2007 3317 2081 3372 XL

600 3386 707 3424 1580
822 3417 846 3436 ‚,
936 3417 959 3436 n
1006 3387 1140 3424 XLIX
1350 3388 1460 3425 4426
1575 3416 1596 3436 ‚‚
1688 3416 1710 3436 7,
1756 3386 1942 3425 XXXVI.
1975 3386 2048 3423 XL

602 3455 706 3491 1699
823 3485 846 3504 ⁷>
937 3485 960 3504 ‚,
1008 3454 1140 3492 XLIV
1292 3455 1395 3493 infra
1415 3468 1454 3493 n.
1478 3457 1552 3492 197
1573 3485 1596 3505 ‚‚
1688 3485 1710 3504 ‚,
1757 3455 1868 3493 XLV
