2216 3796
514 384 518 387 Δ
591 343 679 375 CON
685 341 866 374 VENTVS
902 340 1290 373 TARRACONENSIS

559 482 887 552 INSVLAE
933 507 1321 549 BALIARES.

643 626 814 666 xxxn.
855 625 1048 664 PALMA
1078 638 1116 675 p.
1142 626 1236 664 962.

55 732 256 775 ramo.
289 733 414 772 3677.
448 732 575 771 3678.
609 731 734 770 3679.
769 730 893 769 3682.
929 730 1053 768 3683.
1090 729 1212 767 3688.
1240 729 1350 767 3690
1391 729 1511 767 Nunc
1542 734 1750 767 servantur
1779 728 1824 767 in

53 835 55 838 Α
113 802 278 856 praedio
307 801 560 853 Valldurqont
578 797 737 853 (Calvia,
763 796 984 852 Mallon-a),
1017 797 1061 836 in
1092 802 1201 837 curte
1233 799 1388 851 domm,
1421 812 1540 848 quam
1561 800 1691 843 Bover
1717 799 1824 849 apud

44 894 68 899 v
113 872 275 913 honde
303 876 464 923 gentem
491 871 743 910 Palmensem
772 870 976 919 quondam
1005 867 1220 906 habitabat.
1275 869 1390 910 Quos
1419 872 1623 918 praeterea
1650 876 1690 907 et
1716 869 1824 919 ipsos

112 941 199 985 vidi
226 941 387 982 Palmae
416 941 461 980 in
495 941 635 993 domo,
679 951 799 990 quam
837 952 871 978 a.
910 939 1015 978 1861
1057 937 1262 976 habitabat
1298 937 1406 976 idem
1436 939 1576 990 Bover,
1609 936 1661 991 (n.
1697 939 1821 977 3671.

50 1042 55 1050 ,.
116 1011 242 1052 3672.
283 1012 408 1052 3675.
449 1011 573 1050 3685.
609 1010 733 1049 3686.
768 1006 908 1061 3692),
956 1009 1088 1047 denuo
1142 1007 1324 1046 nondum
1370 1012 1690 1058 comparuerunt.
1727 1006 1732 1011 '
1766 1008 1826 1046 Ita

50 1070 67 1128 ᾗ
113 1079 215 1126 mihi
243 1080 405 1133 scripsit
434 1080 599 1120 Gabriel
629 1079 795 1118 Llabres
822 1069 978 1117 amicus
1008 1066 1094 1117 tum
1124 1076 1361 1128 Palmensis,
1393 1076 1474 1115 iam
1503 1078 1786 1127 Magontanus.

474 1342 849 1425 OONVENTVS
883 1339 1410 1398 TARRAGONENSIS.

669 1488 700 1526 Ι.
739 1487 1021 1526 VALENTIA
1053 1499 1092 1536 p.
1117 1487 1214 1525 965.

38 1646 41 1649 ¹
173 1591 334 1644 Sylloge
364 1590 632 1643 epistularum·
658 1605 682 1630 a
710 1590 810 1630 viris
839 1590 966 1629 doctis
998 1589 1194 1641 Hispanis
1224 1589 1330 1628 inter
1361 1602 1490 1628 annos
1515 1590 1622 1628 1769
1652 1593 1692 1627 et
1717 1589 1825 1627 1780

58 1662 242 1703 &urum
261 1661 314 1701 ad
333 1660 521 1700 comitem
540 1661 590 1699 de
610 1659 832 1712 Lumiares,
854 1664 994 1711 postea
1014 1659 1240 1710 principem
1260 1659 1379 1698 Pium
1400 1655 1450 1713 (v.
1477 1660 1520 1697 C.
1545 1660 1585 1697 H
1604 1659 1642 1709 p.
1666 1654 1826 1711 XCIX),

38 1723 189 1783 ¹nuper
216 1734 350 1782 empta
378 1734 440 1770 est
469 1744 493 1769 a
521 1729 768 1770 bibliotheca
802 1728 966 1781 publica
1005 1743 1034 1768 s.
1068 1728 1266 1768 nationali
1300 1728 1500 1781 Parisina,
1541 1727 1733 1779 inscripta
1771 1727 1828 1766 sic

40 1800 202 1858 3thoe
239 1799 286 1839 de
319 1800 449 1839 varias
487 1799 667 1852 eruditos,
708 1799 770 1838 del
796 1793 977 1850 Principe
1005 1799 1078 1838 Pio
1116 1797 1261 1854 (Fonds
1291 1798 1471 1850 espaqnol
1508 1812 1548 1837 n.
1584 1799 1679 1842 525.
1715 1795 1828 1849 526).

29 1869 234 1911 Rettulit
271 1870 321 1909 de
356 1870 432 1908 hac
472 1870 625 1920 sylloge
665 1874 845 1908 accurate
884 1870 1078 1909 Alfredus
1115 1869 1396 1908 Metel-Fatio
1432 1868 1596 1918 linguae
1627 1872 1668 1906 et
1695 1881 1830 1906 rerum

44 1939 350 1992 ,ni-panarum
387 1938 658 1990 peritissimus
702 1938 746 1977 in
797 1938 1078 1978 dissertatione
1127 1938 1321 1990 inscripta
1366 1937 1515 1976 Lettres
1559 1937 1830 1989 d’antiquaires

35 2009 256 2062 “paynols
270 2008 331 2050 lde
359 2007 482 2060 la.fin
510 2009 563 2049 du
589 2009 762 2048 XVIIF
794 2009 902 2047 siecle
931 2008 1115 2047 adressbes
1145 2022 1195 2047 aas
1225 2013 1340 2046 comte
1370 2009 1413 2046 de
1433 2007 1630 2047 Lamiares
1661 2004 1831 2060 (Extraz't

58 2078 113 2121 dt¹
132 2078 174 2120 lu
192 2077 448 2132 Baliumque
475 2079 520 2117 de
549 2065 770 2118 l’Ecoledes
789 2080 943 2130 chartas,
978 2083 1071 2117 tome
1101 2077 1240 2130 LVII,
1265 2079 1391 2130 1896,
1423 2091 1489 2128 pp.
1517 2078 1582 2129 13,
1607 2073 1674 2129 8.)‚
1708 2090 1829 2126 quam

31 2147 42 2198 ‘J
58 2147 162 2190 nihi
188 2148 299 2189 misit
316 2146 622 2188 officiosissime.
674 2147 864 2187 Enotavit
893 2147 937 2186 in
968 2162 1015 2187 ea
1044 2161 1233 2187 numeros
1262 2147 1573 2198 inscriptionum
1593 2146 1829 2185 Latinarum

33 2246 36 2251 ·
61 2217 255 2271 omnium,
287 2219 338 2258 de
366 2216 515 2268 quibus
543 2217 589 2256 in
618 2217 802 2268 epistulis
831 2217 917 2257 illis
946 2231 1076 2258 sermo
1107 2222 1179 2270 est,
1211 2231 1235 2256 a
1263 2231 1327 2256 me
1359 2216 1556 2256 editarum
1575 2216 1619 2254 in
1641 2215 1830 2267 Corporis

26 2298 31 2338 j
58 2284 138 2328 v'ol.
157 2287 210 2328 11.
269 2288 411 2327 Novae
440 2286 605 2338 quidem
635 2293 889 2327 accesserunt
918 2288 1072 2339 nullae;
1114 2289 1185 2327 sed
1224 2301 1315 2326 cum
1344 2288 1466 2326 verba
1495 2299 1631 2325 earum
1662 2289 1830 2336 excepta

20 2407 21 2410 ¹
60 2355 144 2398 sint
171 2370 223 2398 ex
250 2355 353 2408 ipsis
381 2356 601 2410 lapidibus,
633 2371 806 2408 quorum
835 2371 920 2396 non
948 2357 1069 2410 pauci
1097 2361 1238 2408 postea
1258 2370 1280 2394 a
1307 2357 1468 2396 nemine
1495 2358 1628 2395 denuo
1659 2354 1831 2406 inspecti

60 2430 180 2478 eunt,
205 2427 305 2466 haec
339 2439 444 2476 quae
479 2430 703 2477 sequuntur
737 2441 787 2466 ex
823 2427 882 2467 eis
916 2427 1141 2467 adscribere
1176 2426 1309 2465 visum
1339 2431 1417 2478 est,
1450 2425 1650 2476 descripta
1679 2424 1778 2463 mihi
1808 2438 1831 2462 a

23 2501 26 2507 '
59 2494 251 2548 Lobegue
287 2495 559 2536 intercedente
597 2497 739 2536 eodem
779 2511 898 2547 quem
937 2511 1058 2548 supra
1091 2496 1254 2535 laudavi
1291 2496 1377 2535 viro
1414 2494 1658 2534 doctissime.
1720 2495 1830 2533 Infra

26 2563 32 2612 ζ
59 2563 166 2606 inter
194 2565 481 2618 inscriptiones
509 2566 769 2606 instrumenti
800 2581 835 2617 q.
859 2567 896 2605 d.
930 2565 1144 2606 domestici
1173 2579 1278 2604 nova
1307 2579 1389 2604 una
1418 2564 1513 2603 inde
1545 2564 1686 2603 editur.

62 2706 102 2733 n.
138 2694 246 2734 5127
281 2692 334 2747 (p.
356 2691 516 2748 XLVI).
576 2695 718 2733 Errore
754 2694 821 2733 hic
856 2694 1050 2745 repetitus
1081 2698 1141 2732 est
1176 2693 1319 2732 titulus
1349 2706 1432 2731 non
1462 2692 1720 2744 Valentinus,
1760 2693 1830 2730 sed

120 2762 339 2803 Africanus
369 2777 419 2802 ex
451 2763 600 2815 Saldis,
641 2763 685 2802 in
722 2763 912 2814 Corporis
943 2764 1019 2802 vol.
1042 2763 1139 2802 VIII
1171 2764 1281 2802 8923
1315 2776 1336 2800 e
1367 2761 1524 2800 schedis
1554 2761 1655 2800 meis
1685 2760 1829 2800 editus.

645 2963 714 3000 IV.
759 2961 1067 3001 SAGVNTVM
1098 2973 1136 3010 p.
1162 2960 1258 2999 967.

177 3066 307 3106 Tituli
343 3065 557 3117 Saguntini
585 3064 682 3104 novi
712 3078 804 3104 cum
834 3064 1075 3103 accesserint
1110 3063 1229 3114 pauci
1258 3067 1414 3101 tantum
1443 3075 1575 3112 neque
1605 3062 1668 3100 illi
1697 3062 1832 3113 magni

18 3186 20 3191 ¹
63 3135 184 3188 pretii
224 3132 278 3190 (n.
322 3134 437 3175 1966
472 3136 551 3175 196
565 3132 616 3187 c),
667 3134 771 3173 illud
809 3139 943 3173 tamen
982 3135 1171 3172 adnotare
1218 3146 1300 3171 non
1338 3132 1538 3183 omittam,
1586 3132 1694 3181 quod
1731 3131 1832 3170 mihi

26 3259 27 3262 ¹
63 3205 261 3246 indicavit
279 3205 517 3245 Franciscus
538 3205 712 3243 Chabret
732 3203 983 3254 antiquarius
1005 3202 1253 3254 Saguntinus
1274 3202 1421 3253 optime
1443 3201 1621 3240 meritus.
1673 3201 1834 3240 Scilicet

66 3275 216 3316 servari
254 3275 462 3326 Gompluti
503 3271 656 3327 (Aleald
692 3274 737 3312 de
772 3271 960 3326 Honores)
1001 3273 1046 3312 in
1084 3272 1217 3311 archio
1255 3271 1418 3323 publico
1460 3273 1623 3310 schedas
1662 3270 1833 3309 Hem-ici

26 3349 29 3351 ’
66 3345 185 3386 Palo·
213 3344 302 3385 eius
331 3346 381 3384 de
412 3358 492 3395 quo
524 3343 610 3383 dixi
638 3358 676 3395 p.
703 3345 803 3396 513,
842 3344 1019 3392 itemque
1055 3341 1206 3381 Fratris
1236 3340 1421 3380 Anselmi
1450 3342 1664 3393 Dempere,
1703 3353 1833 3379 sacer-

67 3413 174 3455 dotis
212 3413 367 3455 ordinis
405 3414 450 3453 de
487 3413 526 3454 la
562 3413 734 3465 Men-ed,
777 3413 874 3452 olim
916 3413 959 3451 in
1000 3412 1035 3450 el
1070 3411 1170 3463 Puiq
1209 3424 1334 3462 prope
1373 3412 1597 3461 Saguntum
1638 3410 1831 3460 degentis.

5 3490 18 3519 J
68 3483 152 3528 Qui
187 3497 430 3535 quamquam
465 3484 582 3523 ambo
614 3483 801 3533 aequales
838 3487 951 3521 erant
982 3482 1139 3520 comitis
1170 3483 1218 3520 de
1250 3481 1457 3519 Lumiares
1494 3485 1533 3519 et
1571 3481 1832 3530 Conyngham
