2216 3796
373 303 470 349 304
1190 312 1315 345 ACTA

371 430 521 466 Iunium
552 436 753 476 concepta.
812 427 924 465 Haec
954 428 1150 465 ordinatio
1180 440 1417 477 quamquam
1454 441 1478 463 a
1512 434 1714 480 consueta
1734 429 1898 474 recedit,
1938 439 2126 473 nouom·
2175 423 2177 427 ¹

372 498 463 533 nino
502 495 698 533 reicienda
736 502 807 532 est.
875 494 979 532 Nam
1019 496 1124 544 quod
1159 495 1214 532 ita
1253 507 1367 533 sacra
1404 495 1513 532 Deae
1549 495 1653 533 Diae
1693 496 1901 534 sollemnia
1938 498 1988 535 ab
2027 499 2126 537 actis
2187 498 2200 531 ³}

371 565 570 609 afuerunt,
602 562 711 600 ‘recte
743 575 785 600 se
814 562 949 609 habet,
988 575 1074 599 cum
1106 563 1143 599 in
1175 563 1273 600 actis
1309 575 1410 611 quae
1445 563 1635 600 habemus
1671 564 1838 613 primum
1875 574 2128 614 compareant

371 644 474 669 anno
502 643 540 680 p.
559 628 650 668 Chr.
685 631 734 667 38
767 643 838 668 nec
858 631 981 668 multo
1001 638 1091 668 ante
1121 637 1260 680 coepta
1289 643 1376 668 esse
1398 631 1602 668 videantur
1628 630 1831 680 perscribi.
1889 631 2057 671 Indictio
2087 633 2125 671 in

371 699 468 736 actis
507 711 607 746 quae
646 698 854 742 habemus,
898 698 935 734 in
968 698 1030 735 his
1066 699 1156 736 anni
1191 698 1263 745 21,
1299 699 1342 736 fit
1381 698 1480 735 inter
1515 697 1598 735 Ian.
1622 698 1642 734 7
1675 705 1716 735 et
1744 698 1829 736 Ian.
1856 700 1896 737 11
1942 698 2125 748 (Heuzen

371 781 406 816 p.
431 767 493 814 5);
538 766 605 803 sed
645 778 732 802 cum
770 766 866 803 haec
899 766 986 814 ipsa
1015 766 1062 802 de
1092 766 1233 814 quibus
1264 765 1415 815 agimus
1446 771 1534 803 acta
1564 778 1635 803 nos
1667 765 1869 805 docuerint
1905 779 2008 805 anno
2042 768 2127 805 sive

372 834 449 871 734
482 847 515 870 u.
539 846 570 870 c.
602 834 684 870 sive
715 846 751 882 p.
775 831 867 870 Chr.
897 832 948 871 28
987 845 1098 871 sacra
1132 833 1238 871 facta
1266 845 1356 871 esse
1387 846 1465 870 non
1492 833 1597 871 Maio
1629 845 1780 880 mense,
1818 833 1887 872 sed
1917 834 2127 885 incipiente

371 901 549 949 Iunio¹)‚
585 901 745 938 indictio
782 901 874 938 anni
911 901 1180 949 praecedentis
1218 901 1308 938 item
1345 901 1429 939 fieri
1466 908 1597 949 potest
1632 908 1675 938 ut
1711 907 1867 951 peracta
1900 901 1949 940 sit
1993 914 2128 940 mense

370 970 523 1006 demum
558 969 744 1006 Ianuario
774 976 953 1006 extremo
991 968 1050 1005 vel
1087 969 1299 1018 incipiente
1329 968 1556 1006 Februario.
1615 970 1718 1006 Acta
1752 967 1844 1007 anni
1878 971 2077 1019 sequentis
2107 983 2127 1007 e

369 1037 567 1074 contrario
602 1036 796 1085 incipiunt
832 1037 882 1074 ab
913 1036 1142 1081 indictione,
1182 1037 1292 1074 cuius
1323 1037 1407 1074 dies
1437 1036 1588 1082 deficit3
1627 1044 1718 1074 vota
1752 1035 1872 1087 igitur
1906 1044 1974 1075 aut
2001 1037 2128 1076 uoluta

371 1111 632 1154 susceptaque
663 1111 756 1141 sunt
785 1111 874 1152 post
902 1103 1152 1141 indictionem
1184 1110 1252 1140 aut
1281 1117 1327 1140 eo
1364 1117 1467 1142 anno
1498 1117 1573 1142 non
1601 1110 1692 1141 sunt
1719 1104 1948 1154 perscripta.
2005 1103 2127 1152 Haec,

370 1185 469 1221 quae
508 1171 699 1209 sententia
724 1172 982 1209 Henzeniana
1019 1171 1193 1220 requirit,
1234 1178 1275 1209 ut
1301 1178 1486 1221 poterunt
1514 1171 1685 1218 admitti,
1730 1173 1786 1210 ita
1820 1167 2128 1226 nemoslne'gabit

370 1240 667 1278 difficultatibus
703 1252 779 1276 non
817 1240 972 1289 exiguis
1003 1239 1195 1286 laborare,
1233 1253 1253 1276 e
1273 1240 1489 1285 contrario,
1526 1240 1559 1277 si
1586 1239 1734 1277 Hulam
1761 1239 1884 1277 secuti
1917 1227 2007 1281 acta
2032 1240 2128 1281 haec

370 1308 574 1345 referimus
606 1308 654 1345 ad
685 1321 719 1344 a.
744 1307 820 1344 733
852 1315 891 1344 et
922 1307 1013 1353 734,
1045 1307 1117 1344 hoc
1147 1307 1233 1344 loco
1264 1308 1397 1344 omnia
1427 1308 1547 1357 plana
1580 1308 1665 1344 fieri
1695 1314 1734 1344 et
1763 1307 1961 1356 expedita.
1992 1353 1994 1355 Ι
2071 1358 2073 1361 ¹

482 1377 536 1413 At
570 1376 608 1412 in
649 1375 829 1424 personis
867 1375 1111 1412 sacerdotum
1151 1375 1283 1412 Hulae
1320 1375 1514 1413 sententia
1543 1387 1630 1412 cum
1666 1374 1880 1414 obstaculis
1919 1388 1996 1415 non
2030 1375 2127 1415 levi-

371 1446 442 1480 bus
475 1449 632 1492 pugnat.
690 1443 852 1481 Fratres
884 1443 1052 1479 Arvales
1084 1443 1123 1480 in
1154 1443 1371 1492 fragmento
1407 1442 1596 1480 nominati
1627 1443 1750 1480 misso
1781 1443 1948 1493 vestigio
1977 1444 2126 1483 incerto
2176 1462 2179 1465 -

371 1525 405 1547 ν.
429 1513 450 1548 3
475 1512 539 1548 fin.
571 1523 594 1548 A
625 1510 721 1558 (non
752 1510 804 1559 Μ)
836 1522 996 1547 numero
1028 1518 1120 1548 sunt
1149 1523 1237 1548 sex:
1269 1510 1422 1548 scilicet
1449 1510 1488 1547 in
1519 1511 1617 1548 actis
1638 1511 1730 1547 anni
1762 1510 1903 1560 prioris
1923 1511 2125 1550 nominan-

370 1586 431 1615 tur
461 1579 630 1616 Arvales
662 1584 858 1627 quattuor,
895 1578 933 1614 in
965 1578 1063 1615 actis
1093 1579 1183 1615 anni
1214 1578 1446 1628 posterioris
1477 1584 1632 1626 praeter
1660 1578 1891 1629 magistrum
1913 1578 2004 1627 duo,
2033 1591 2111 1628 quo

371 1660 451 1683 rum
487 1659 585 1684 unus
615 1652 676 1683 est
706 1646 806 1683 inter
834 1652 1019 1694 quattuor
1049 1646 1163 1684 illos-
1214 1645 1314 1684 Sunt
1344 1652 1473 1683 autem
1505 1646 1556 1682 hi.

371 1778 378 1786 .
403 1778 411 1786 .
435 1778 443 1786 .
466 1763 484 1786 s
515 1749 613 1786 Libo
644 1751 698 1799 (v.
722 1749 777 1798 3).

423 1817 658 1855 Laterculus
689 1818 723 1855 si
753 1822 813 1855 est
843 1830 877 1854 a.
910 1830 945 1853 u.
977 1830 1008 1854 c.
1032 1817 1186 1862 73314,
1222 1817 1460 1867 cogitabitur
1490 1824 1555 1854 aut
1584 1817 1631 1855 de
1662 1816 1707 1854 L.
1737 1816 1944 1856 Scribonio
1973 1817 2126 1856 Libone

424 1898 504 1922 cos.
536 1899 567 1922 a.
594 1884 672 1922 720
703 1891 771 1922 aut
801 1886 848 1922 de
879 1885 931 1922 M.
961 1885 1096 1922 Druso
1125 1884 1280 1922 Libone
1311 1898 1388 1922 cos.
1420 1899 1454 1922 a.
1479 1884 1575 1931 7393
1615 1885 1647 1922 si
1679 1891 1739 1922 est
1768 1899 1802 1923 a.
1835 1898 1871 1934 p.
1891 1883 1987 1923 chr.
2007 1883 2124 1933 2718,

425 1960 491 1990 aut
527 1953 573 1990 de
604 1953 763 1990 consule
793 1953 992 1990 ordinario
1023 1966 1058 1990 a.
1086 1953 1132 1989 16
1165 1952 1208 1989 L.
1238 1952 1445 1991 Scribonio
1475 1952 1629 1990 Libone
1665 1958 1733 1990 aut
1767 1953 1815 1990 de
1846 1951 1890 1991 C.
1914 1952 2032 1991 Vibio
2059 1952 2124 1992 Li-

425 2021 526 2058 bone
556 2021 692 2058 eodem
724 2033 826 2058 anno
857 2020 1031 2058 suffecto.
1096 2022 1195 2058 Acta
1230 2021 1381 2070 reliqua
1410 2020 1602 2058 Libonem
1638 2021 1787 2058 nullum
1826 2020 1985 2059 habent.
2049 2020 2127 2058 Per

425 2089 525 2126 hunc
554 2089 674 2138 igitur
703 2089 884 2138 quaestio
914 2101 989 2126 non
1020 2088 1225 2126 deciditur.
1828 2078 1832 2081 Ι

370 2192 417 2229 L.
454 2191 576 2229 Cinna
605 2191 662 2240 (v.
685 2192 741 2240 3).

424 2259 623 2308 Cogitavit
656 2259 765 2296 Hula
805 2260 851 2295 de
893 2259 938 2296 L.
978 2257 1107 2296 Cinna
1144 2268 1326 2308 praetore
1363 2273 1397 2297 a.
1426 2260 1505 2297 710
1543 2260 1700 2297 homine
1739 2260 1841 2297 inter
1875 2259 2126 2298 adversarios

425 2326 608 2365 Caesaris
630 2326 833 2364 dictatoris
855 2327 1064 2372 acerrim03
1096 2340 1182 2364 eum
1207 2328 1460 2364 nihilominus
1481 2328 1529 2364 ab
1547 2329 1726 2377 Augusto
1746 2327 1929 2365 honorari
1948 2327 2125 2376 potuisse

425 2395 571 2443 pariter
607 2401 723 2444 atque
762 2395 967 2432 honoravit
1001 2395 1122 2432 filium
1156 2393 1227 2432 Cn.
1259 2394 1424 2432 Cinnam
1455 2395 1639 2444 Magnum
1676 2395 1878 2432 consulem
1914 2394 2059 2433 factum
2089 2408 2122 2432 a.

423 2476 459 2512 p.
483 2461 574 2499 Chr.
608 2463 643 2500 5.
704 2463 747 2499 Id
786 2470 826 2499 ut
856 2462 1008 2499 admitti
1043 2469 1192 2511 potest,
1228 2463 1284 2499 ita
1314 2465 1399 2511 pari
1429 2463 1512 2500 iure
1543 2470 1760 2501 statuemus
1790 2461 1912 2500 fuisse
1942 2462 2027 2500 eius
2057 2475 2124 2500 no·

423 2531 538 2567 minis
569 2531 764 2567 hominem
796 2536 1000 2579 praeterea
1029 2530 1204 2579 ignotum
1236 2531 1309 2567 sub
1330 2529 1502 2568 Tiberio.
1548 2533 1649 2568 Acta
1678 2530 1757 2567 alia
1778 2528 1943 2570 Cinnam
1974 2529 2122 2568 nullum

424 2598 578 2635 habent.
638 2593 776 2646 Itaque
807 2610 875 2646 per
905 2597 1007 2634 hunc
1037 2610 1112 2635 non
1146 2598 1271 2647 magis
1300 2598 1348 2635 de
1378 2612 1420 2635 re
1450 2598 1622 2647 liquebit.

371 2702 426 2737 M.
464 2700 650 2738 Cornutus
681 2700 733 2748 (v.
758 2701 794 2738 3.
821 2701 901 2748 10).

424 2769 589 2806 Praeter
620 2769 713 2805 haec
743 2769 843 2805 idem
877 2783 1016 2806 nomen
1048 2769 1148 2806 redit
1177 2770 1215 2805 in
1248 2770 1346 2806 actis
1377 2783 1411 2807 a.
1437 2770 1504 2806 14:
1541 2768 1595 2805 M.
1620 2767 1806 2807 Cornutus
1835 2775 1873 2806 et
1901 2778 1935 2806 a.
1959 2767 2029 2806 20:
2066 2767 2121 2804 M.

427 2836 611 2874 Caecilius
648 2836 868 2884 Cornut[us]
905 2843 943 2872 et
978 2850 1012 2872 a.
1036 2836 1080 2872 21
1239 2836 1438 2875 Cornutus.
1509 2837 1716 2874 Praeterea
1750 2836 1789 2874 in
1827 2835 1939 2873 titulo
1975 2832 2121 2873 urbano

423 2902 569 2948 QVI,
604 2903 705 2940 1267
746 2904 845 2940 inter
889 2910 1088 2941 curatores
1133 2904 1305 2941 locorum
1350 2904 1596 2953 publicorum
1642 2903 1938 2941 iudicandorum
1982 2903 2148 2955 aetatis⁸

424 2973 629 3021 Augustae
669 2971 728 3007 vel
767 2970 1004 3008 Tiberianae
1050 2972 1165 3008 tertio
1209 2972 1295 3008 loco
1340 2972 1562 3008 nominatur
1604 2971 1659 3008 M.
1697 2971 1883 3010 Caecilius
1919 2970 2120 3009 Cornutus.

423 3039 585 3076 Tacitus
623 3038 790 3086 denique
827 3051 916 3074 ann.
955 3040 991 3084 4,
1015 3037 1064 3076 28
1096 3039 1142 3075 ad
1175 3052 1209 3075 a.
1234 3038 1283 3076 24
1315 3039 1492 3076 meminit
1521 3037 1683 3076 Caecilii
1710 3037 1874 3076 Cornuti
1906 3038 1979 3074 viri
2009 3050 2119 3087 prae-

424 3107 513 3143 torii
546 3119 618 3143 sua
649 3119 764 3143 manu
795 3112 874 3142 tum
902 3106 1136 3154 interempti.
1159 3128 1211 3132 —
1234 3106 1308 3143 His
1339 3106 1576 3143 testimoniis
1603 3105 1790 3155 expensis
1810 3105 2024 3143 Henzenus
2045 3106 2120 3142 Ar-

424 3174 549 3211 valem
582 3180 754 3210 actorum
787 3186 822 3211 a.
848 3174 907 3210 14.
933 3173 995 3210 20.
1021 3173 1068 3210 21
1105 3173 1240 3210 habuit
1261 3186 1332 3222 pro
1362 3174 1446 3211 viro
1475 3174 1673 3223 praetorio
1705 3179 1858 3211 mortuo
1890 3185 1924 3210 a.
1948 3171 2012 3219 24,
2043 3173 2119 3210 Ar-

472 3351 500 3391 ¹)
528 3351 755 3384 Probabiliter
773 3351 962 3383 Huelsenus
987 3356 1061 3383 acta
1087 3352 1133 3382 ita
1151 3352 1310 3392 explevit,
1339 3360 1374 3383 ut
1399 3353 1489 3384 facta
1514 3352 1581 3383 sint
1607 3353 1681 3383 Iun.
1704 3353 1733 3382 1.
1755 3350 1788 3382 3.
1808 3352 1841 3382 4.
1885 3351 1996 3383 Etiam
2023 3361 2053 3383 a.
2073 3351 2116 3383 21

369 3423 462 3444 sacra
489 3414 644 3444 videntur
670 3413 798 3444 indicta
823 3423 895 3445 esse
921 3414 954 3444 in
983 3414 1055 3444 dies
1081 3413 1123 3445 ab
1151 3413 1193 3444 iis
1219 3414 1277 3454 qui
1302 3418 1419 3454 postea
1444 3413 1662 3444 obtinuerunt
1686 3412 1848 3444 diversos.
