2216 3796
387 991 407 998 κ

60 1247 119 1266 ,.
144 1184 780 1264 ,ΑΒΒΙΤΑΜΕΝΤΑ
826 1187 1041 1266 NovA
1089 1188 1201 1262 AD
1251 1188 1650 1264 CORPORIS

361 1335 364 1337 v
636 1315 1042 1391 VOLVMEN
1089 1317 1176 1391 II.

12 1680 14 1684 ·
84 1678 108 1707 J,
138 1654 335 1716 {editum
370 1661 694 1712 supplementum
723 1661 944 1700 voluminis
974 1661 1141 1700 secundi
1169 1661 1391 1701 triennium
1422 1662 1489 1700 vix
1521 1663 1703 1712 elapsum
1733 1671 1794 1701 est

75 1749 80 1761 ·
103 1749 136 1763 --2
171 1729 481 1785 hmssuccrevit
509 1731 653 1771 messis
682 1731 993 1781 inscriptionum
1022 1745 1218 1771 novarum
1248 1733 1391 1785 ampla,
1424 1746 1545 1782 quam
1565 1746 1616 1771 ne
1639 1732 1792 1771 diutius

91 1795 162 1845 mizi
189 1791 349 1841 schedis
376 1801 443 1841 vel
470 1799 515 1853 in
543 1801 657 1841 libris
686 1815 828 1853 parum
857 1802 967 1841 notis
995 1802 1138 1840 lateret
1167 1801 1248 1840 iam
1277 1802 1410 1842 visum
1438 1808 1500 1841 est
1518 1802 1672 1854 publici
1691 1802 1793 1841 iuris

8 1860 17 1926 ιζ
110 1891 114 1903 ι
155 1899 180 1910 .,
231 1871 338 1911 Sane
373 1884 505 1922 neque
544 1871 829 1911 effossionibus
865 1873 1049 1912 consulto
1087 1871 1286 1911 institutis
1322 1872 1435 1912 tituli
1472 1872 1650 1923 Hispani
1686 1872 1793 1911 aucti

0 1931 2 1933 ‚
43 1936 133 2000 Ἰ),
163 1940 303 1991 quales
331 1939 377 1980 in
405 1940 574 1992 reliquis
593 1941 753 1993 imperii
772 1942 947 1980 Romani
967 1942 1199 1993 regionibus
1219 1943 1303 1980 fere
1329 1942 1517 1981 omnibus
1548 1947 1792 1981 crescentem

158 2028 163 2040 ·
206 2009 216 2019 ”
247 2055 250 2058 ⁴
273 2009 584 2063 inscriptionum
620 2016 661 2050 et
696 2017 1050 2051 monumentorum
1085 2025 1299 2051 numerum
1327 2013 1538 2063 proferunt
1567 2034 1625 2041 —-
1656 2012 1692 2051 si
1722 2026 1792 2051 ex-

4 2083 11 2124 J
107 2108 114 2112 -
132 2077 187 2131 ”,
206 2081 488 2133 Nertobrigam
518 2086 559 2120 et
592 2081 734 2120 Cabeza
763 2083 826 2120 del
856 2081 996 2133 Grieqo
1027 2082 1174 2133 oppida
1209 2104 1278 2135 —‚
1319 2096 1392 2121 nec
1430 2083 1545 2121 novis
1581 2082 1792 2121 itineribus

70 2162 141 2191 „me
169 2150 380 2203 susceptis.
441 2152 520 2191 Sed
548 2151 722 2203 primum
742 2159 922 2191 veterum
942 2153 1163 2192 amicorum
1183 2166 1364 2192 meorum
1384 2152 1586 2191 industria
1605 2153 1791 2191 effectum

38 2210 70 2263 ¹2
90 2248 103 2278 2
120 2263 121 2266 ,
141 2223 190 2263 nt
225 2220 307 2260 loci
342 2220 499 2272 aliquot
533 2223 666 2261 denuo
702 2222 971 2262 inviserentur
1010 2229 1049 2261 et
1084 2223 1371 2273 antiquitatum
1411 2236 1531 2261 causa
1568 2222 1791 2279 accuratius

47 2286 49 2291 ¹
86 2309 89 2320 ¹
115 2295 336 2344 orarentur,
366 2291 411 2330 in
441 2290 589 2342 quibus
618 2292 902 2344 inscriptiones
922 2294 1129 2332 Romanae
1160 2298 1230 2332 aut
1260 2293 1331 2332 diu
1360 2293 1564 2342 neglectae
1595 2298 1665 2331 aut
1687 2306 1792 2330 nun—

0 2409 2 2411 ,
48 2378 90 2404 ς’.»
114 2380 131 2393 ει
172 2359 347 2401 sollicite
375 2360 643 2412 investigatae
674 2367 780 2402 sunt.
831 2363 990 2402 Deinde
1021 2377 1114 2402 vero
1146 2364 1308 2402 tandem
1339 2363 1556 2412 aliquando
1589 2362 1730 2401 crescit
1748 2362 1791 2400 in

47 2444 79 2483 ‘js
138 2443 330 2473 numerus
358 2430 536 2471 virorum
564 2432 608 2470 in
637 2432 878 2484 paeninsula
907 2433 1060 2472 Iberica
1089 2434 1153 2471 vel
1183 2434 1393 2472 doctorum
1422 2433 1487 2471 vel
1522 2433 1790 2484 indoctorum,

0 2498 3 2500 ’
63 2500 259 2549 „studio
287 2501 495 2553 laudabili*
510 2502 660 2554 patrias
691 2502 950 2553 antiquitates
982 2504 1289 2554 amplectuntur.
1332 2505 1441 2541 Aera
1461 2502 1655 2554 inscripta
1674 2516 1790 2555 nova,

0 2570 1 2574 ’
38 2577 63 2618 J
100 2574 135 2610 t
161 2569 408 2622 Vipascense
436 2571 649 2612 Italicense
679 2573 947 2626 Ursonensia,
986 2587 1081 2612 sane
1111 2587 1194 2612 non
1229 2573 1487 2624 prodierunt3
1528 2574 1598 2611 sed
1636 2577 1793 2622 praeter

54 2638 164 2689 tulos,
213 2641 457 2692 sepulcrales
500 2642 704 2693 simplices
752 2643 847 2682 satis
891 2643 1041 2682 multos
1089 2642 1242 2693 singuli
1284 2643 1426 2681 saltem
1466 2643 1586 2680 etiam
1629 2641 1792 2680 maioris

113 2708 139 2719 ””
182 2710 332 2762 reperti
372 2716 489 2764 sunt,
534 2712 682 2762 quibus
725 2713 870 2752 notitia
909 2713 1132 2764 Hispaniae
1176 2713 1362 2763 antiquae
1407 2712 1518 2751 vario
1560 2713 1679 2750 modo
1724 2718 1793 2750 aut

66 2799 91 2824 .··.
113 2783 194 2823 tm·
237 2787 306 2821 aut
350 2783 597 2822 emendatur.
675 2784 710 2820 E
754 2783 1121 2834 peregrinatoribus
1170 2783 1336 2835 exteris,
1394 2781 1466 2832 qui
1513 2782 1792 2833 paeninsulam

57 2848 107 2882 ·'2
145 2855 229 2905 t,
266 2851 406 2902 paucis
443 2851 685 2907 'nominandi
725 2858 820 2892 sunt
857 2854 1071 2892 Eduardus
1112 2855 1286 2905 Spencer
1327 2854 1522 2902 Dodgson
1561 2852 1790 2903 Britannus,

68 2940 97 2951 ··
148 2939 180 2953 2:
223 2921 471 2961 Vasconicae
509 2922 718 2973 indagator
755 2926 962 2975 strenuus,
1005 2928 1045 2961 et
1081 2924 1282 2961 Arthurus
1317 2923 1447 2972 Engel
1486 2921 1792 2960 numismaticus

100 2987 248 3044 ⁸⁸·us,
281 2991 354 3042 qui
380 2992 471 3031 loca
500 3006 524 3030 a
552 2992 691 3043 paucis
722 2993 852 3032 adhuc
881 2992 1041 3032 visitata
1070 3006 1158 3031 mea
1189 3006 1309 3039 causa
1339 2992 1526 3031 adierunt
1556 2997 1596 3030 et
1625 2993 1674 3030 de
1705 3005 1791 3030 mo·-

4 3098 8 3102 ,
30 3059 229 3100 'umentis
258 3060 414 3112 aliquot
442 3062 704 3115 rettulerunt,
747 3076 848 3112 quae
878 3063 966 3114 ipse
996 3063 1169 3101 invisere
1200 3076 1282 3102 non
1311 3068 1533 3113 potueram.
1594 3061 1791 3112 Engelius

57 3150 63 3162 ·
116 3143 278 3182 quoque
320 3131 486 3171 nomine
532 3132 682 3183 optime
727 3132 893 3171 meritus
938 3138 1018 3185 est,
1070 3133 1176 3182 quod
1222 3131 1417 3183 pertinaci
1457 3131 1791 3182 pervestigatione

27 3195 228 3240 ctorem
257 3201 462 3241 fraudium
491 3201 718 3253 ineptarum
748 3202 922 3254 detexit,
962 3216 1064 3251 quae
1095 3208 1188 3241 ante
1218 3203 1293 3240 hos
1322 3201 1467 3252 viginti
1497 3203 1580 3239 fere
1611 3214 1739 3239 annos
1771 3214 1791 3238 e

59 3269 135 3309 olli
162 3271 400 3313 sanctorum
438 3285 563 3323 prope
595 3271 856 3323 Montealeqre
893 3272 1071 3323 prolatae
1113 3275 1227 3322 sunt3
1269 3277 1314 3310 ut
1353 3271 1541 3310 adnotavi
1570 3271 1613 3309 in
1644 3272 1792 3309 Monu—

33 3386 36 3391 ,
201 3339 302 3392 ling.
332 3342 435 3381 Iber.
467 3355 506 3392 p.
540 3343 698 3381 CXLII.

38 3455 39 3458 ,
142 3411 264 3453 Quod
293 3411 391 3451 olim
421 3412 579 3462 speravi
607 3413 790 3451 futurum
820 3425 920 3463 esse,
952 3417 998 3450 ut
1027 3412 1077 3450 ab
1108 3411 1313 3450 academia
1343 3410 1455 3461 regia
1483 3410 1674 3450 historica
1703 3411 1792 3448 Ma-

22 3477 184 3531 fitensi
203 3481 386 3520 ederetur
412 3482 635 3533 ephemeris
666 3481 919 3532 epigraphica
946 3481 1130 3532 Hispana
1158 3480 1308 3533 (Suppl.
1331 3495 1368 3532 p.
1392 3478 1537 3533 LXII),
1560 3480 1603 3519 id
1631 3486 1792 3531 propter

30 3575 31 3579 ¹
82 3561 337 3601 Emnunms
366 3575 503 3601 nmen.
536 3576 625 3602 von.
652 3565 758 3602 vm.
1459 3564 1510 3600 23
