2216 3796
399 338 494 384 252
1213 353 1343 387 ACTA

395 460 525 517 μέλῃσι
554 458 617 503 καὶ
639 459 821 519 ἀνδρεία-ιν
841 461 1025 519 ἑδριᾶωσ-ιν
1045 463 1157 506 ἔνθεν
1179 464 1364 523 πορτόνῃς
1381 463 1613 515 μεμνημένος.
1660 468 1819 508 Scilicet
1838 464 2024 523 ἀπαρχαί
2043 469 2194 524 ipsae,

397 541 488 574 sunt
514 535 664 585 frugesz
696 546 763 573 eas
787 534 941 585 Sibylla
970 536 1076 574 iubet
1105 538 1270 575 conferri
1301 544 1339 576 et
1369 538 1573 576 adservari
1594 537 1815 588 diligenter,
1845 543 1888 576 ut
1915 537 2008 578 inde
2026 537 2194 588 debita

396 604 597 642 solvantur
627 603 849 653 thymelicis
879 609 917 640 et
946 604 1228 651 adsidentibus,
1259 606 1299 643 id
1329 613 1390 644 est
1419 607 1539 644 ludus
1571 612 1609 644 et
1632 605 1931 655 spectatoribus.
1974 604 2160 651 ,zosimus

394 684 495 720 quae
526 671 572 708 de
603 671 783 721 frugibus
820 671 955 718 tradit,
991 672 1031 710 in
1065 673 1266 723 plerisque
1297 675 1518 712 concinunt.
1577 673 1683 712 Nam
1720 678 1932 723 antequam
1966 663 2183 725 incipiunt¹

395 751 525 785 sacra,
562 739 661 776 locis
693 751 812 789 supra
840 740 1025 778 indicatis
1055 742 1155 778 σῖτον
1183 736 1246 778 καὶ
1276 738 1412 794 κριθῆν
1442 735 1602 781 ἕκαστος
1632 734 1732 795 φέρει
1771 733 1835 778 καὶ
1861 735 2020 787 κύαμον,
2055 747 2161 781 recte

395 807 565 845 omnino.
624 806 781 845 Deinde
811 814 1020 858 postquam
1051 809 1167 860 primi
1198 809 1275 847 diei
1306 810 1566 848 caerimonias
1596 809 1806 856 enarravit,
1834 808 1892 847 ita
1917 808 2022 854 finit:
2055 803 2158 854 κομί·
2207 794 2211 816 ³

395 872 519 919 ξονται
551 866 590 911 δὲ
622 874 652 911 οἳ
682 876 806 913 ταῦτα
835 877 1026 916 ποιοῦντες
1054 873 1199 922 uto-&dv
1218 873 1289 918 τοὶς
1318 873 1508 932 ἀπαρχὰς
1536 878 1609 916 τῶν
1629 877 1783 931 καρπῶν
1802 870 1906 915 σι’του
1934 869 1998 916 καὶ
2024 875 2160 931 κριθῆς
2199 872 2213 907 Ῐ

392 935 455 979 καὶ
487 935 660 985 κυάμων·
692 934 804 980 αὗται
843 939 917 999 *γάρ
962 940 1007 984 ὡς
1044 938 1184 998 εἴρηταί
1223 960 1281 989 μοι
1323 938 1387 982 καὶ
1422 946 1477 996 τῷ
1512 939 1615 995 δήμῳ
1651 937 1763 982 παντὶ
1798 934 2038 991 διανίμοπαὶ.
2095 945 2158 985 Ita
2200 964 2213 1000 J

392 1010 496 1060 quod
528 1011 725 1060 significat
755 1008 944 1066 ἀπαρχὰς
978 1013 1068 1051 illas
1098 1012 1329 1052 distributas
1357 1025 1445 1052 esse
1482 1014 1532 1051 iis
1569 1013 1636 1064 qui
1666 1013 1928 1052 caerimonias
1963 1013 2158 1064 ludosque
2199 1001 2203 1004 ’

393 1079 546 1116 executi
582 1079 679 1125 sint,
719 1080 812 1118 item
849 1093 935 1118 cum
971 1081 1143 1119 carmine
1179 1082 1379 1128 convenit,
1419 1081 1487 1120 sed
1525 1087 1702 1120 extrema
1735 1080 2079 1133 refragantur-‘aut
2106 1081 2157 1120 ab
2201 1090 2203 1138 f

392 1151 549 1184 auctore
583 1147 684 1185 male
715 1148 868 1186 adiecta
907 1155 991 1196 aut,
1030 1149 1134 1199 quod
1172 1150 1299 1200 magis
1329 1149 1560 1188 crediderim
1598 1149 1749 1187 hiantia
1777 1149 2157 1201 corruptare›⁴.culpa
2186 1154 2188 1157 ’

390 1215 660 1253 librariorum:
692 1217 866 1267 exempli
896 1229 1019 1256 causa
1046 1223 1137 1267 post
1165 1210 1223 1262 μοὶ
1254 1218 1452 1256 excidisse
1482 1222 1650 1268 possunt
1668 1218 1789 1257 verba
1816 1213 1922 1272 παρὰ
1947 1218 2016 1256 τοῦ
2037 1210 2155 1264 δήμου
2212 1259 2216 1274 ³

391 1278 531 1323 παντὸς
560 1277 822 1337 συμφέρονται.
2206 1307 2216 1400 ξ

863 1477 994 1518 DIES
1034 1478 1108 1517 ET
1144 1477 1325 1518 LOCVS
1365 1477 1680 1518 SACRORVM.

501 1588 726 1628 Secundum
757 1596 962 1639 computos
985 1603 1008 1628 a
1027 1590 1236 1629 XVvirum
1258 1590 1426 1641 collegio
1455 1592 1645 1641 probatos
1674 1589 1791 1629 ludos
1812 1589 2034 1629 saeculares
2055 1590 2155 1630 cele·
2212 1598 2216 1646 J

390 1658 495 1696 brari
525 1658 708 1696 debuisse
738 1669 841 1695 anno
872 1672 907 1695 u.
933 1670 964 1695 c.
989 1658 1087 1704 738,
1126 1659 1345 1697 celebratos
1376 1670 1464 1697 esse
1494 1670 1597 1696 anno
1627 1657 1887 1710 praecedente
1914 1671 2004 1711 cum
2031 1663 2155 1698 testes

390 1737 526 1764 omnes
557 1726 821 1772 consentiant,
861 1726 946 1764 eius
982 1726 1275 1776 anticipationis
1306 1739 1427 1765 causa
1461 1739 1511 1764 ex
1543 1726 1641 1765 actis
1678 1726 1825 1765 nostris
1861 1738 1948 1766 cum
1968 1727 2153 1766 <exordio

390 1807 524 1832 eorum
555 1793 702 1831 excidit
737 1805 864 1843 neque
893 1794 1104 1844 quicquam
1135 1794 1239 1845 quod
1276 1806 1322 1832 eo
1360 1795 1555 1845 pertineat
1589 1794 1696 1845 apud
1730 1801 1913 1834 auctores
1949 1797 2153 1846 reperitur.
2212 1819 2214 1822 v

389 1861 599 1900 Probabile
629 1866 760 1899 autem
793 1866 854 1899 est
878 1863 1102 1913 Augustum
1132 1862 1210 1900 iam
1240 1868 1321 1901 tum
1351 1863 1400 1900 de
1428 1863 1571 1902 itinere
1598 1862 1753 1902 Gallico
1782 1862 2021 1915 cogitavisse
2045 1875 2152 1905 anno
2214 1893 2216 1897 .

390 1930 571 1980 sequenti
602 1929 868 1980 suscipiendo,
900 1930 1007 1979 quod
1036 1942 1275 1980 quamquam
1307 1930 1547 1970 adceleravit
1575 1931 1734 1969 nuntius
1756 1930 1804 1969 de
1823 1930 1934 1969 clade
1951 1929 2152 1980 Lolliam,

386 2012 465 2037 non
485 2004 647 2049 propter
668 2010 755 2036 eam
777 2004 1002 2048 susceptum
1023 2010 1112 2036 esse
1133 1998 1195 2036 vel
1216 1998 1306 2036 inde
1328 1999 1539 2050 colligitur,
1560 1999 1665 2049 quod
1686 2011 1710 2036 a
1730 2011 1821 2038 vere
1841 1999 2152 2050 anni‘sequentis

386 2067 436 2104 ad
466 2074 654 2104 aestatem
686 2078 721 2104 a.
741 2066 815 2103 741
850 2067 1033 2117 princeps
1064 2067 1104 2104 in
1135 2065 1268 2106 Gallia
1296 2067 1578 2117 permansitl).
1642 2067 1800 2119 Religio
1842 2079 1920 2106 non
1952 2067 2150 2117 obstabat3

384 2147 475 2172 nam
505 2134 620 2172 civile
650 2146 808 2184 quoque
839 2135 1041 2173 saeculum
1072 2141 1151 2173 tam
1180 2141 1335 2174 centum
1362 2147 1552 2174 annorum
1581 2147 1701 2185 quam
1722 2147 1916 2174 annorum
1937 2141 2092 2175 centum
2111 2141 2152 2176 et

384 2203 518 2241 decem
554 2202 715 2240 retinuit
743 2203 992 2253 aliquatenus
1022 2203 1327 2242 inconstantiam
1358 2204 1506 2242 saeculi
1536 2203 1739 2251 naturalis,
1769 2203 1876 2253 quod
1904 2208 1966 2241 est
1985 2199 2150 2254 epatium

382 2274 480 2309 vitae
501 2271 685 2309 humanae
707 2271 975 2320 Zonqissimum
987 2269 1251 2320 (Censorinus
1277 2272 1339 2319 17,
1362 2271 1418 2322 2),
1449 2279 1487 2310 et
1507 2283 1662 2322 semper
1682 2283 1769 2310 cum
1790 2271 1925 2322 aliqua
1942 2271 2149 2314 latitudine

384 2344 587 2389 acceptum
619 2344 680 2376 est
709 2345 748 2376 et
777 2339 1030 2386 celebratum,
1061 2340 1362 2389 aequiparatum
1393 2340 1518 2390 magis
1540 2339 1666 2377 tribus
1686 2339 2008 2390 generationibus
2029 2351 2146 2390 quam

382 2407 571 2457 temporis
603 2406 731 2456 spatio
763 2407 814 2444 ad
835 2406 917 2444 dies
941 2407 1155 2456 horamque
1176 2407 1369 2446 dimenso.
1418 2407 1466 2445 Id
1487 2407 1594 2457 quod
1615 2407 1679 2445 vel
1697 2407 1789 2445 inde
1808 2406 2020 2458 colligitur,
2040 2407 2147 2457 quod

381 2475 562 2512 ludorum
592 2474 677 2512 dies
709 2475 873 2513 testibus
904 2475 1001 2512 actis
1031 2482 1111 2513 tam
1133 2476 1331 2527 Augustis
1362 2488 1479 2525 quam
1502 2473 1778 2524 severianis2)
1808 2487 1887 2513 non
1909 2480 2038 2514 status
2058 2475 2145 2524 fuit,

383 2543 452 2580 sed
481 2555 555 2593 pro
586 2543 748 2580 arbitrio
779 2542 942 2592 singulis
972 2543 1085 2580 annis
1117 2543 1354 2581 constitutus
1384 2540 1515 2593 est³);
1553 2549 1789 2594 quapropter
1818 2543 1935 2582 etiam
1970 2543 2011 2581 in
2041 2555 2144 2582 anno

381 2610 563 2660 eligendo
595 2617 673 2647 tam
703 2611 910 2661 Augustus
942 2622 1058 2660 quam
1088 2611 1344 2649 Domitianus
1375 2611 1523 2662 aliquid
1551 2616 1790 2662 putaverunt
1819 2611 1895 2650 sibi
1924 2611 2055 2650 licere.
2092 2633 2142 2640 —

383 2676 552 2725 Quando
583 2679 631 2716 de
659 2679 764 2716 ludis
796 2678 1066 2717 saecularibus
1097 2679 1340 2717 celebrandis
1371 2679 1433 2730 agi
1464 2685 1647 2729 coeptum
1677 2679 1739 2727 sit,
1772 2679 1871 2717 actis
1898 2679 2045 2718 nostris
2066 2690 2145 2718 non

381 2746 592 2784 edocemur
612 2751 747 2796 utpote
767 2747 934 2784 exordio
956 2758 1090 2784 eorum
1110 2747 1337 2797 intercept0.
1384 2748 1486 2785 Acta
1502 2746 1728 2796 Severiana,
1750 2759 1916 2797 quorum
1938 2746 2141 2786 exordium

481 2926 511 2968 1)
550 2927 609 2959 Ad
635 2928 832 2960 decennalia
859 2937 920 2960 sua
945 2928 1149 2961 celebranda
1174 2938 1302 2961 annum
1328 2938 1405 2962 eum
1426 2930 1618 2971 Augustum
1643 2928 1844 2971 praetulisse
1869 2928 2015 2961 coniecit
2032 2927 2139 2962 Gasto

378 2988 530 3021 Boissier
561 2988 671 3029 (revue
697 2988 754 3022 des
779 2988 865 3022 deux
889 2989 1020 3022 mondee
1048 2989 1140 3023 1892
1174 2990 1276 3023 Mart.
1302 3001 1336 3033 p.
1362 2991 1439 3032 80);
1475 2991 1536 3023 sed
1566 3000 1676 3033 neque
1701 2989 1828 3023 indicia
1852 2989 1922 3022 ulla
1947 2999 1988 3023 eo
2014 2989 2142 3023 ducunt

379 3059 486 3093 neque
512 3060 573 3093 per
598 3060 634 3082 se
659 3051 695 3082 id
720 3050 997 3093 probabilitatem
1022 3051 1137 3084 habet.

479 3110 510 3152 2)
550 3111 741 3145 Ostendunt
765 3112 802 3144 id
828 3113 924 3144 locus
950 3122 993 3144 ex
1019 3117 1155 3145 senatus
1181 3113 1335 3146 consulto
1364 3113 1404 3154 (Ι,
1435 3112 1511 3154 28>ς
1546 3114 1597 3146 uti
1621 3111 1695 3146 ludi
1718 3111 1907 3145 saeculares
1932 3112 1991 3156 qui
2013 3110 2141 3154 ⁸0[lz]ti
2206 3119 2207 3122 ’

377 3177 452 3205 sunt
475 3173 562 3205 iuter
586 3178 709 3206 centum
734 3177 766 3206 et
790 3172 897 3206 decem
923 3172 1056 3215 an[uos]
1075 3174 1169 3218 fieri,
1193 3174 1335 3216 faciant
1359 3175 1507 3218 sequenti
1538 3174 1670 3207 annoiie
1695 3171 1826 3214 diebuLs
1857 3196 1865 3205 .
1881 3197 1890 3205 .
1905 3196 1914 3205 .
1930 3196 1959 3214 .,
1994 3177 2028 3206 et
2052 3173 2139 3206 alter
2195 3198 2197 3201 .

377 3244 421 3266 ex
446 3235 590 3277 epistula
613 3235 856 3277 imperatorum
886 3235 930 3267 ad
955 3236 1116 3268 XVviros
1151 3235 1239 3277 (111,
1267 3234 1320 3276 5):
1360 3236 1392 3268 si
1421 3235 1460 3269 de
1492 3236 1522 3268 is
1554 3233 1669 3268 diebus
1699 3246 1739 3268 ac
1771 3232 1921 3268 noctibas
1952 3233 2133 3275 consulitis,

378 3294 494 3338 quibus
519 3295 615 3328 ludos
640 3295 828 3328 saeculares
853 3295 899 3328 ad
930 3320 1037 3329 .....

478 3355 510 3397 ³)
548 3357 590 3389 Id
622 3358 727 3399 probe
759 3358 897 3400 agnovit
923 3357 1003 3391 Otto
1030 3358 1225 3390 Hirschfeld
1259 3357 1412 3399 (Wiener
1438 3356 1577 3391 Studien
1612 3358 1702 3390 1881
1737 3368 1770 3399 p.
1793 3356 1894 3397 103),
1930 3365 2134 3399 quamquam

377 3418 449 3449 sine
475 3418 564 3450 iusta
590 3427 701 3458 causa,
736 3423 772 3450 ut
797 3418 882 3451 mihi
908 3419 1052 3461 videtur,
1086 3430 1106 3453 a
1132 3420 1290 3453 ludorum
1316 3420 1435 3453 diebus
1459 3420 1585 3453 saeculi
1610 3419 1745 3452 initium
1771 3418 1959 3461 distinguit,
1986 3417 2077 3460 quod
2103 3417 2133 3450 ei
2200 3446 2202 3449 .

378 3484 428 3511 est
452 3479 634 3511 solstitium
659 3480 835 3513 aestivum.
