2216 3796
626 342 863 392 Lv'noavn
899 356 1262 391 sanchAva.
1506 398 1507 401 Ἴ
1736 343 1830 390 309

169 472 236 512 Ex
273 473 518 524 temporibus
554 473 841 524 posterioribus
880 479 1042 523 propter
1076 486 1208 511 rerum
1245 473 1482 511 evidentiam
1522 486 1639 511 unum
1684 478 1833 510 tantum

59 554 206 581 annum
235 555 274 593 p.
296 539 342 580 C.
373 541 426 580 57
458 541 598 593 selegi,
640 548 680 579 ut
709 541 800 579 inde
831 547 1024 592 appareat
1053 553 1101 579 ne
1130 543 1417 591 praetoriorum
1449 541 1604 591 quidem
1636 555 1660 579 a
1689 553 1836 579 consu-

37 610 211 653 laribus
241 609 538 649 distinctionem
568 617 650 648 tum
681 611 932 648 observatam
964 621 1066 648 esse.
1133 609 1336 648 Habemus
1370 611 1454 648 eius
1493 611 1584 648 anni
1623 610 1837 648 laterculos

36 670 162 726 *tr-es,
204 691 322 717 unum
358 679 534 717 locorum
574 679 775 726 undecim,
815 679 981 716 alterum
1019 687 1127 725 octo,
1168 680 1325 717 tertium
1363 688 1534 728 septem3
1580 679 1630 716 ad
1666 684 1835 716 aetatem

60 746 309 786 consularem
339 747 472 786 exacti
503 747 606 785 hanc
633 747 803 785 formam
836 747 991 784 habent.

265 837 312 877 Ρ.
346 838 554 877 Memmius
583 838 762 890 Regulus
1025 850 1107 876 cos.
1139 851 1173 875 a.
1199 839 1249 876 36
1282 852 1290 874 :
1520 838 1543 875 8
1603 838 1626 876 6
1686 839 1709 876 2

267 905 470 958 Sulpicius
499 905 737 946 Camerinus
1027 918 1109 944 cos.
1141 919 1176 944 a.
1199 906 1251 943 46
1283 920 1292 942 ε
1521 905 1542 942 2
1604 908 1627 943 4
1687 907 1709 944 6

268 977 317 1013 Α.
348 975 537 1014 Vitellius
1026 987 1108 1013 cos.
1140 987 1174 1012 a.
1199 975 1254 1030 4s
1283 988 1292 1010 ε
1521 975 1544 1012 6
1605 973 1627 1011 2
1691 975 1712 1012 7

267 1043 444 1083 Faustus
473 1042 687 1084 Cornelius
719 1042 833 1082 Sulla
862 1043 980 1082 Felix
1025 1055 1107 1082 cos,
1140 1056 1173 1081 a.
1199 1043 1249 1081 52
1282 1058 1291 1081 ε
1521 1044 1542 1079 3
1605 1044 1627 1080 3
1663 1066 1711 1070 -

268 1111 316 1151 L.
347 1110 508 1152 Salvius
539 1111 648 1151 Otho
677 1111 863 1150 Titianus
1025 1124 1106 1149 cos.
1139 1126 1174 1149 a.
1198 1112 1248 1149 52
1283 1125 1292 1148 z
1522 1111 1542 1147 7
1578 1133 1627 1137 —
1662 1133 1711 1138 --

266 1179 316 1219 L.
347 1180 446 1219 Piso
1025 1192 1108 1218 eos.
1141 1193 1176 1218 a.
1200 1180 1249 1218 57
1283 1193 1292 1216 ε
1522 1179 1544 1216 9
1579 1201 1627 1206 —
1663 1201 1713 1206 -

269 1247 313 1288 C.
344 1248 443 1302 Piso
1024 1260 1105 1287 cos.
1136 1261 1170 1286 a.
1194 1248 1269 1286 inc.
1305 1261 1313 1285 :
1523 1249 1547 1286 5
1608 1248 1631 1285 5
1691 1248 1714 1284 4

268 1317 320 1356 M.
352 1317 536 1368 Aponius
567 1315 804 1356 Saturninus
1023 1329 1104 1355 cos.
1135 1330 1169 1355 a.
1202 1317 1276 1354 inc.
1310 1330 1318 1353 :
1501 1318 1542 1353 ll
1610 1316 1631 1352 7
1694 1317 1716 1354 5

269 1386 320 1424 Μ.
343 1385 532 1425 Valerius
562 1385 756 1424 Messalla
785 1383 985 1424 Corvinus
1018 1398 1098 1423 cos.
1129 1386 1211 1424 des.
1243 1386 1280 1422 in
1313 1398 1347 1422 a.
1372 1385 1423 1423 58
1456 1399 1465 1422 :
1532 1387 1545 1422 1
1615 1386 1629 1421 l
1698 1385 1712 1420 l

267 1454 319 1494 Τ.
350 1453 513 1495 Sextius
543 1455 757 1494 Africanus
1021 1455 1244 1505 praetorius
1275 1468 1284 1491 :
1526 1454 1551 1491 4
1611 1452 1634 1490 8
1696 1453 1717 1490 3

271 1523 321 1560 M.
354 1521 515 1562 Salvius
546 1522 653 1562 Otho
1026 1523 1247 1573 praetorius
1279 1536 1287 1559 :
1503 1523 1552 1559 10
1586 1544 1634 1549 —
1669 1543 1718 1548 —

35 1650 37 1657 s
65 1614 150 1654 Iam
188 1621 232 1654 ut
264 1627 460 1654 summam
495 1616 553 1653 rei
589 1615 911 1666 complectamur,
949 1616 988 1652 in
1021 1615 1293 1653 sacerdotibus
1330 1614 1562 1652 ordinandis
1601 1620 1691 1662 post
1722 1616 1845 1663 magi-

29 1709 32 1713 «
65 1690 213 1740 atrum,
258 1684 323 1725 ubi
361 1684 398 1723 is
435 1697 515 1723 non
556 1685 793 1736 praeteritur
833 1683 896 1734 (ut
930 1683 976 1722 fit
1010 1684 1050 1721 in
1086 1684 1186 1722 actis
1217 1696 1252 1720 a.
1282 1683 1359 1733 14),
1398 1682 1446 1720 ad
1482 1682 1640 1720 domum
1677 1682 1846 1732 impera-

29 1762 34 1769 ·
66 1744 209 1806 ebriam
238 1750 535 1805 qui'pertinent
564 1765 722 1805 semper
751 1753 878 1804 primo
909 1752 997 1790 loco
1029 1753 1295 1790 nominantur.
1351 1751 1397 1789 In
1430 1751 1596 1800 privatis
1627 1751 1700 1789 sub
1732 1750 1847 1788 Iuliis

65 1818 374 1875 imperatoribus
409 1821 614 1872 dignitatis
654 1822 803 1873 gradus
838 1834 910 1860 nec
948 1821 1063 1871 plane
1100 1821 1325 1872 neglegitur
1353 1833 1481 1870 neque
1511 1820 1631 1858 anxie
1661 1819 1847 1857 observa·

66 1878 141 1928 t'u'rss
191 1886 475 1929 Consularium
506 1890 708 1942 separatio
738 1903 762 1928 a
792 1890 1002 1940 praetoriis
1034 1890 1082 1927 ad
1113 1888 1206 1928 Gaii
1236 1890 1447 1941 imperium
1477 1895 1629 1926 retenta
1658 1895 1736 1933 est,
1777 1888 1846 1925 im-

67 1947 231 2010 perante
265 1956 428 1998 Nerone
461 1959 628 2010 insuper
667 1959 821 2004 habita,
859 1958 1158 2010 poterimusque
1196 1959 1247 1996 ad
1286 1958 1519 2007 illausque
1556 1963 1736 2008 tempora
1775 1957 1849 1994 hac
1904 1969 1907 1972 ⁴

66 2025 157 2083 lege
190 2038 281 2085 cumv
316 2027 452 2084 aliqua
486 2027 633 2066 fiducia
668 2029 737 2066 uti.
811 2027 920 2066 Inter
958 2028 1190 2066 consulares
1228 2027 1396 2078 primum
1436 2026 1565 2064 locum
1605 2025 1745 2064 consul
1783 2025 1849 2063 de-

68 2079 252 2152 signatus
279 2096 399 2138 etiam
437 2095 513 2135 sub
541 2094 705 2135 Nerone
741 2096 928 2144 obtinuit,
965 2096 1129 2134 omnino
1165 2101 1396 2146 propterea,
1433 2094 1539 2145 quod
1570 2094 1631 2133 ius
1660 2094 1779 2132 habet
1809 2094 1849 2131 in

29 2182 32 2187 ·
68 2151 210 2203 senatu
247 2150 466 2204 sententiae
510 2165 662 2216 primae
705 2163 962 2215 (Staamrecht
991 2165 1034 2212 3,
1068 2165 1147 2203 973
1170 2163 1286 2214 seq.).
1355 2164 1419 2202 Ad
1458 2163 1715 2214 magistratus
1752 2169 1850 2200 tem-

69 2245 170 2285 pora
198 2233 368 2272 Arvales
397 2233 630 2273 consulares
660 2241 918 2272 recensentur
953 2234 992 2271 in
1023 2234 1121 2272 actis
1157 2233 1320 2283 scriptis
1358 2245 1462 2270 anno
1492 2246 1530 2283 p.
1560 2231 1652 2270 Chr.
1684 2232 1752 2278 143
1783 2230 1850 2269 sed

38 2327 39 2330 =
68 2288 112 2340 id
142 2299 198 2341 'ne
229 2313 282 2341 ea
317 2301 478 2352 quidem
514 2309 644 2342 aetate
678 2308 910 2341 constanter
939 2303 1193 2341 observatum
1223 2314 1314 2340 esse
1345 2308 1436 2340 aeta
1466 2301 1687 2339 saecularia
1719 2299 1850 2338 decla-

28 2382 37 2426 ζ
70 2366 162 2427 rant
189 2362 334 2422 (supra
362 2383 400 2423 p.
423 2369 537 2421 243).
597 2369 679 2410 Sub
714 2371 878 2410 Tiberio
909 2378 948 2410 et
978 2370 1081 2410 Gaio
1111 2371 1311 2410 contraria
1339 2370 1585 2409 consuetudo
1616 2369 1780 2414 obtinet,
1811 2368 1851 2405 in

26 2447 28 2450 ’
69 2449 154 2489 qna
181 2451 275 2478 num
304 2438 517 2491 privilegia
545 2439 717 2490 exempli
746 2451 869 2478 causa
888 2439 1104 2478 liberorum
1127 2439 1195 2489 (cf.
1218 2439 1459 2478 Staatsrecht
1492 2437 1555 2484 1³,
1578 2437 1650 2487 41)
1681 2437 1851 2486 aliquem

34 2539 39 2542 .
71 2505 201 2562 locum
231 2513 405 2558 teneant,
434 2509 659 2559 quaeritur3
690 2516 795 2547 certe
825 2509 1004 2547 ordinem
1036 2508 1282 2554 sollemnem,
1313 2521 1429 2558 quem
1461 2512 1550 2545 acta
1579 2519 1613 2544 a.
1638 2505 1687 2545 38
1721 2504 1852 2543 decla-

35 2570 40 2578 ⁸
72 2562 176 2624 rant,
204 2576 343 2616 eadem
374 2583 597 2617 monstrant
626 2590 746 2629 saepe
781 2578 1004 2630 neglectum
1035 2589 1138 2616 esse.
1189 2579 1228 2615 A
1253 2575 1431 2615 Neronis
1462 2576 1552 2614 inde
1583 2582 1758 2626 tempore
1790 2585 1852 2612 sa-

74 2645 256 2685 cerdotes
285 2645 430 2698 privati
461 2647 548 2685 sine
577 2647 717 2686 ordine
747 2654 855 2686 certo
887 2647 966 2685 ullo
996 2653 1261 2685 recensentur.

1459 2774 1538 2812 ΤΗ.
1569 2774 1796 2812 MOMMSEN.
