2216 3796
397 375 493 422 402
1081 388 1459 421 TARRACONENsls

394 511 597 562 Descripsi
627 525 676 549 ex
707 509 869 563 ectypis,
911 525 1011 560 quae
1048 511 1159 554 misit
1194 513 1270 552 Ios.
1303 512 1415 551 Leite
1445 512 1493 551 de
1519 512 1812 566 Vasconcellos,
1844 513 1914 562 qui
1944 514 1992 552 de
2019 513 2140 553 titulo

393 581 474 630 egit
509 584 687 618 accurate
725 579 768 617 in
806 580 1068 629 praelectione
1110 581 1330 619 academica
1367 596 1388 619 ο
1423 582 1509 619 deus
1547 582 1778 620 Braemm‘e
1815 580 2142 634 Ponqomabhqus

391 664 439 687 ex
477 648 725 699 ephemeride
762 649 915 686 Revista
945 650 1129 690 Lusitana
1158 650 1235 689 vol.
1257 651 1315 689 III
1353 663 1532 690 seorsum
1568 650 1737 700 repetita
1776 648 2139 703 (01131Ροιο1894

390 732 454 768 pp.
482 719 518 769 9,
544 716 609 771 4.).
671 718 891 767 Imaginem
925 718 1134 769 proposuit
1163 720 1344 758 Albanus
1376 719 1609 758 Βο111110·111
1645 721 1776 758 fronte
1810 719 1904 758 libri
1924 719 1999 759 vsui.
2026 719 2137 759 inser.

390 800 480 825 rom.
515 782 558 825 di.»
590 788 720 838 Braqa
751 785 903 839 (1895).

446 870 493 907 V.
521 870 537 905 1
581 869 674 906 Non
717 868 903 920 caelicus,
946 874 991 908 ut
1020 869 1062 907 in
1092 869 1209 908 titulo
1240 883 1278 908 n.
1313 871 1443 921 2420,
1484 870 1554 907 sed
1597 869 1740 908 celicas
1757 896 1760 899 ι
1777 869 1819 908 111
1855 869 1988 921 lapide
2016 870 2141 910 fuisse

391 936 565 987 spatium
594 938 710 975 docet
739 942 778 976 et
807 938 947 977 titulus
974 943 1066 977 'arae
1097 938 1339 991 fastigiatae,
1381 939 1451 988 qui
1489 943 1603 977 antea
1627 937 1778 978 ’musco
1810 942 1849 978 et
1877 938 1986 979 foliis
2014 943 2142 979 tectus

394 1019 501 1044 nunc
532 1007 691 1044 demum
721 1006 914 1057 apparuit.
2000 1012 2002 1014 ’

419 1118 421 1120 .
449 1081 497 1120 V.
524 1081 545 1118 5
583 1081 631 1118 In
667 1080 830 1118 nomine
870 1080 936 1118 dei
973 1079 1127 1119 litterae
1168 1082 1268 1119 duae
1304 1068 1455 1130 priores
1484 1085 1644 1131 propter
1674 1081 1793 1131 spatii
1822 1078 2038 1131 angustiu-
2058 1086 2142 1121 tam

389 1154 470 1186 arte
501 1149 738 1187 coniunctae
770 1154 873 1202 sunt,
905 1154 949 1187 ut
978 1149 1106 1199 prima
1134 1163 1216 1187 non
1246 1150 1348 1187 clare
1379 1154 1585 1200 appareret
1613 1154 1748 1188 utrum
1779 1161 1797 1188 Ρ
1825 1163 1875 1189 an
1902 1161 2028 1190 12:1³1?
2048 1164 2098 1189 an
2118 1163 2143 1189 τ

390 1217 462 1268 sit3
499 1219 570 1257 sed
598 1217 731 1269 lapide
763 1220 892 1256 denuo
931 1231 1020 1257 cum
1057 1231 1150 1257 cura
1189 1219 1412 1257 examinato
1448 1221 1641 1269 Iosephus
1675 1216 1789 1258 Leite
1828 1215 2000 1259 affirmat
2035 1224 2141 1259 certo

388 1298 412 1324 τ
446 1300 549 1339 esse,
582 1288 689 1326 unde
719 1300 884 1339 nomen,
924 1289 1031 1336 quod
1065 1287 1151 1338 ipse
1182 1292 1298 1326 antea
1327 1288 1645 1339 Ponyoenabiaqus
1674 1285 1771 1327 esse
1792 1288 2028 1341 crediderat,
2062 1289 2142 1327 iam

395 1356 704 1407 Tonqoenabiaqus
734 1357 859 1395 fuisse
890 1357 1130 1406 putabimus.
1193 1359 1325 1406 Atque
1357 1358 1575 1408 comparari
1610 1363 1779 1407 possunt
1813 1357 1971 1410 Tonqius
2003 1356 2144 1409 Tonqe-

391 1432 510 1464 tamus
535 1425 765 1477 Tonyobrz'qa
795 1425 957 1464 nomina
987 1427 1166 1464 Callaeca
1197 1440 1246 1464 ex
1278 1427 1413 1465 eadem
1443 1427 1574 1465 radice
1605 1428 1784 1467 formata.
1837 1426 2058 1478 Corrigitur
2086 1427 2142 1466 ita

390 1497 498 1544 quod
528 1500 642 1533 antea
666 1494 759 1533 dedi
778 1495 991 1545 Argotium
1022 1500 1181 1533 secutus
1203 1518 1259 1522 —
1279 1509 1371 1534 nam
1400 1495 1486 1545 ipse
1507 1510 1652 1535 nomen
1682 1491 1814 1547 legere
1835 1509 1917 1535 non
1936 1481 2153 1547 potueram‘

389 1568 537 1603 tectum
577 1564 681 1602 calce
720 1569 759 1602 et
797 1577 933 1602 musco
971 1586 1028 1591 —
1064 1563 1419 1602 Roncoenathuacus
1455 1565 1517 1603 vel
1556 1559 1909 1604 Rouboenaecdecus.
1969 1558 2141 1607 Litterae

389 1633 565 1683 reliquae
605 1633 701 1671 satis
732 1634 858 1671 clarae
896 1639 1000 1672 sunt.
1061 1635 1159 1672 Post
1190 1645 1219 1672 0
1251 1635 1427 1686 finalem,
1459 1635 1594 1684 paullo
1624 1634 1821 1674 minorem
1850 1635 1960 1677 illam
1997 1634 2142 1674 litteris

388 1702 573 1755 reliquis,
614 1716 714 1752 quae
744 1702 787 1739 111
817 1702 990 1752 imagine
1021 1701 1168 1740 Bellini
1198 1702 1372 1741 cernitur
1403 1715 1431 1754 1,
1474 1717 1556 1741 non
1593 1707 1653 1742 est
1688 1705 1836 1757 fissura·
1867 1703 2030 1756 lapidis,
2072 1705 2143 1743 sed

389 1771 565 1823 novicia,
599 1772 647 1809 ab
677 1771 861 1822 imperito
894 1773 1065 1821 quodam
1096 1772 1249 1822 addita;
1281 1776 1327 1810 ut
1355 1772 1508 1810 iudicat
1536 1772 1660 1812 Leite.
1700 1814 1702 1816 ,

446 1854 495 1892 V.
520 1855 543 1891 6
577 1854 704 1902 Supra
733 1852 939 1902 fastigium
969 1866 1059 1891 arae
1089 1852 1214 1903 lapidi
1243 1853 1466 1903 insculptae
1497 1858 1633 1892 extant
1663 1853 1747 1892 sive
1770 1859 2001 1893 ornamenta
2021 1867 2143 1904 quae-

392 1923 483 1961 dam
513 1922 595 1960 sive
625 1922 779 1960 litterae
802 1924 1003 1974 confusae,
1036 1936 1136 1971 quae
1165 1923 1335 1972 Iosepho
1357 1923 1468 1960 Leite
1490 1922 1677 1972 antiquae
1698 1936 1784 1962 esse
1804 1923 1912 1962 visae
1932 1937 2015 1962 non
2036 1929 2140 1963 sunt.

451 2008 590 2056 Itaque
620 2006 832 2055 legendum
863 2003 1043 2057 [Ce]lieus
1074 2006 1214 2062 Frpnto
1245 2006 1528 2056 Arcobriqensis
1558 2006 1838 2058 Ambimoyicbus
1856 2007 1960 2060 fecit
1994 2007 2141 2059 Tonqoe-

389 2074 558 2126 nabiaqo.
623 2075 766 2113 Geticus
784 2074 887 2127 feeit
915 2071 1100 2126 Front[0].

451 2152 595 2190 Celicus
623 2151 771 2189 rustice
803 2149 988 2188 scribitur
1018 2164 1089 2199 pro
1124 2149 1306 2199 Caelicus3
1347 2163 1440 2188 nam
1477 2149 1655 2188 eiusdem
1691 2150 1778 2188 siue
1808 2149 1931 2193 dubio
1967 2150 2144 2190 hominis

389 2234 535 2260 nomen
569 2220 735 2259 caelicus
755 2220 896 2258 Fronto
926 2219 1112 2258 scribitur
1132 2219 1176 2257 in
1196 2219 1310 2257 titulo
1332 2233 1354 2257 a
1374 2219 1457 2257 filio
1479 2218 1562 2257 sive
1583 2233 1606 2257 a
1625 2223 1769 2269 nepote
1799 2223 1838 2258 et
1856 2219 2142 2271 pronepotibus

390 2290 521 2341 posito
542 2303 581 2329 n.
606 2291 730 2340 2419,
765 2302 854 2327 011111
875 2290 1026 2326 fontem
1045 2290 1153 2326 hunc
1174 2287 1306 2338 ipsum
1327 2288 1407 2326 nisi
1427 2288 1543 2326 fallor
1570 2279 1850 2327 ‘renovarunt?
1879 2289 2036 2328 saeculo
2060 2289 2142 2344 fere

390 2360 516 2410 primo
548 2363 730 2397 exeunte.
794 2358 961 2395 Caelica-s
991 2357 1145 2396 videtur
1181 2371 1327 2395 nomen
1362 2357 1509 2406 gentile
1540 2369 1625 2395 esse
1657 2355 1824 2406 originis
1853 2357 2068 2396 Lusitanae
2098 2362 2143 2397 ut

392 2428 631 2466 Ammonicus
662 2427 918 2465 Sammonicus
947 2426 1149 2478 Africana,
1180 2425 1332 2464 Iberica
1361 2427 1503 2478 multa,
1535 2430 1580 2464 ut
1613 2425 1790 2464 Camicus
1818 2425 2023 2476 Paqusious
2051 2427 2140 2478 alia,

392 2512 492 2546 quae
524 2497 729 2547 composui
758 2498 856 2535 MLI
884 2510 922 2546 p.
947 2497 1089 2534 CXXI.
1151 2496 1424 2545 Comparanda
1460 2500 1554 2533 sunt
1573 2494 1738 2533 >Caelius
1771 2494 1898 2532 Oloutc'
1925 2500 1963 2533 et
1995 2494 2144 2534 Caelius

391 2567 586 2618 Ser-anis.
617 2567 655 2605 Π
679 2567 803 2604 2781.
829 2567 934 2604 5321
971 2571 1008 2602 01
1042 2564 1256 2615 Caelioniqa
1284 2565 1323 2603 II
1355 2565 1478 2615 5736,
1517 2564 1613 2602 item
1644 2560 1892 2614 *Caelobriqa
1920 2564 1959 2602 H
1989 2566 2071 2603 416
2104 2569 2144 2602 et

394 2635 602 2673 Caelenious
630 2636 669 2674 Π
691 2636 801 2673 2568
822 2633 986 2672 1101111113
1005 2633 1278 2685 geographica,
1311 2647 1429 2684 aquae
1452 2633 1607 2671 Celenae
1632 2631 1718 2672 itin.
1741 2634 1889 2671 Anton.
1912 2645 1951 2683 p.
1971 2633 2072 2685 432,
2096 2634 2140 2683 83

391 2704 511 2742 huius
541 2703 718 2753 regionis
748 2703 891 2742 omnia.
952 2704 1090 2740 Statua
1119 2702 1195 2740 viri
1224 2703 1378 2740 videtur
1409 2702 1532 2740 Celici
1562 2714 1660 2740 esse.

448 2783 661 2835 Arcobriqa
690 2785 786 2822 haec
817 2784 898 2822 sive
919 2782 1112 2821 Lusitana
1142 2781 1222 2821 sive
1245 2783 1426 2820 Callaeca
1454 2786 1655 2832 praeterea
1683 2785 1924 2820 memoratur
1951 2780 1995 2819 in
2024 2781 2141 2819 titulo

394 2853 600 2891 Cauriensi
628 2855 668 2892 II
692 2855 794 2902 7653
826 2851 1045 2901 Arcobriga
1075 2850 1310 2889 Celtiberiae
1343 2848 1455 2903 (Plin.
1478 2852 1535 2888 ΠΙ
1557 2852 1609 2888 24
1640 2850 1731 2888 Itin.
1755 2852 1904 2889 Anton.
1933 2863 1972 2900 p.
2001 2850 2096 2901 437,
2120 2852 2137 2887 1

392 2924 556 2961 Ptolem.
581 2924 619 2961 II
644 2924 681 2974 6,
707 2920 774 2974 57)
805 2935 926 2972 prope
956 2920 1136 2959 Bilbilim
1166 2919 1320 2958 diversa
1350 2924 1420 2958 est.
1473 2918 1751 2970 Amhimoqidus
1778 2917 1910 2970 gentis
1939 2918 2141 2956 Callaecae

394 2991 565 3030 alicuius
595 3004 741 3029 nomen
772 2994 842 3042 est,
875 2994 921 3027 ut
951 2989 1222 3027 Ambirodacus
1251 2990 1289 3027 II
1320 2990 1444 3040 4306,
1477 2988 1640 3039 originis
1669 2989 1836 3026 fortasse
1867 2986 2054 3026 Celticae.

455 3071 774 3124 Tonyoenabiaqus
804 3070 869 3109 dei
898 3083 1045 3108 nomen
1076 3070 1246 3108 aliunde
1267 3082 1348 3107 non
1377 3073 1517 3107 notum
1547 3070 1597 3107 ad
1631 3069 1784 3106 fontem
1819 3066 2017 3117 pertinere
2047 3079 2142 3105 con-

393 3141 487 3179 iecit
515 3141 629 3179 Leite
660 3146 820 3191 propter
850 3139 938 3177 nabi
965 3138 1137 3178 radicem
1173 3151 1291 3187 quam
1322 3137 1517 3187 continet3
1555 3137 1672 3178 Nebis
1701 3141 1740 3175 et
1768 3134 1897 3175 Navia
1931 3135 2141 3175 fluminum
2199 3158 2203 3163 ·

392 3209 435 3248 in
466 3210 698 3260 regionibus
728 3209 808 3247 illis
839 3207 1001 3246 nomina
1032 3211 1137 3246 nota.

452 3292 573 3332 Quod
606 3289 745 3328 Celieus
768 3289 909 3327 Fronto
939 3287 974 3325 is
1005 3287 1074 3336 qui
1105 3288 1177 3325 deo
1200 3287 1466 3337 anaglyphum
1486 3285 1663 3324 votivum
1692 3283 1827 3334 posuit
1856 3297 2003 3322 nomen
2024 3296 2141 3322 suum

394 3358 538 3396 iterum
568 3358 772 3409 inscripsit
801 3371 902 3408 arae,
935 3356 1025 3395 ideo
1056 3357 1223 3394 fortasse
1254 3355 1359 3407 fecit,
1391 3359 1437 3393 ut
1457 3356 1743 3393 demonstraret
1771 3354 1873 3391 hanc
1903 3366 2061 3402 quoque
2091 3353 2141 3392 ad

394 3427 500 3465 idem
540 3431 677 3466 votum
714 3427 924 3478 pertinere.
992 3427 1175 3463 Ceterum
1203 3423 1307 3475 fecit
1339 3428 1551 3472 utrumque
1586 3421 1709 3472 magis
1745 3422 1794 3460 de
1836 3420 2042 3460 dedicante
2077 3420 2141 3459 in-
2199 3443 2203 3473 f

394 3496 663 3545 tellegendum
699 3510 817 3545 quam
855 3497 902 3533 de
939 3495 1152 3544 sculptore3
1195 3492 1274 3530 nisi
1311 3492 1417 3530 idem
1454 3494 1573 3530 homo
1611 3495 1650 3529 et
1685 3490 1791 3529 vovit
1821 3494 1860 3528 et
1895 3489 2001 3530 fecit.
2062 3490 2140 3527 Ars
2192 3496 2197 3503 “
