<?xml version="1.0" encoding="UTF-8"?>
<!DOCTYPE html PUBLIC "-//W3C//DTD XHTML 1.0 Transitional//EN"
    "http://www.w3.org/TR/xhtml1/DTD/xhtml1-transitional.dtd">
<html xmlns="http://www.w3.org/1999/xhtml" xml:lang="en" lang="en">
 <head>
  <title>
</title>
<meta http-equiv="Content-Type" content="text/html;charset=utf-8" />
  <meta name='ocr-system' content='tesseract 3.04.00' />
  <meta name='ocr-capabilities' content='ocr_page ocr_carea ocr_par ocr_line ocrx_word'/>
</head>
<body>
  <div class='ocr_page' id='page_1' title='image "./ephemerisepigrap08deutuoft_0491.png"; bbox 0 0 2216 3796; ppageno 0'>
   <div class='ocr_carea' id='block_1_1' title="bbox 12 1055 103 1123">
    <p class='ocr_par' dir='ltr' id='par_1_1' title="bbox 12 1055 103 1123">
     <span class='ocr_line' id='line_1_1' title="bbox 13 1055 56 1075; baseline 0 -4"><span class='ocrx_word' id='word_1_1' title='bbox 13 1055 56 1075; x_wconf 60' lang='lat' dir='ltr'>y1</span> 
     </span>
     <span class='ocr_line' id='line_1_2' title="bbox 12 1078 103 1123; baseline 0.055 -18"><span class='ocrx_word' id='word_1_2' title='bbox 12 1078 103 1123; x_wconf 45' lang='lat'>«7⁰⁸.</span> 
     </span>
    </p>
   </div>
   <div class='ocr_carea' id='block_1_2' title="bbox 592 300 1824 348">
    <p class='ocr_par' dir='ltr' id='par_1_2' title="bbox 592 300 1824 348">
     <span class='ocr_line' id='line_1_3' title="bbox 592 300 1824 348; baseline 0.002 -4"><span class='ocrx_word' id='word_1_3' title='bbox 592 312 964 346; x_wconf 71' lang='lat' dir='ltr'>ms‘rRVMENTVM</span> <span class='ocrx_word' id='word_1_4' title='bbox 1000 312 1296 346; x_wconf 82' lang='lat' dir='ltr'>DOMESTICVM</span> <span class='ocrx_word' id='word_1_5' title='bbox 1725 300 1824 348; x_wconf 83' lang='lat'>483</span> 
     </span>
    </p>
   </div>
   <div class='ocr_carea' id='block_1_3' title="bbox 275 378 446 385">
    <p class='ocr_par' dir='ltr' id='par_1_3' title="bbox 275 378 446 385">
     <span class='ocr_line' id='line_1_4' title="bbox 275 378 446 385; baseline 0 3411"><span class='ocrx_word' id='word_1_6' title='bbox 275 378 446 385; x_wconf 95' lang='lat' dir='ltr'> </span> 
     </span>
    </p>
   </div>
   <div class='ocr_carea' id='block_1_4' title="bbox 40 432 1827 492">
    <p class='ocr_par' dir='ltr' id='par_1_4' title="bbox 40 432 1827 492">
     <span class='ocr_line' id='line_1_5' title="bbox 40 432 1827 492; baseline 0.002 -16"><span class='ocrx_word' id='word_1_7' title='bbox 40 432 41 435; x_wconf 29' lang='lat'>¹</span> <span class='ocrx_word' id='word_1_8' title='bbox 102 435 254 492; x_wconf 65' lang='lat'>.,.·.1)‚</span> <span class='ocrx_word' id='word_1_9' title='bbox 304 437 516 478; x_wconf 77' lang='lat' dir='ltr'><strong>Lammina</strong></span> <span class='ocrx_word' id='word_1_10' title='bbox 537 437 622 477; x_wconf 83' lang='lat' dir='ltr'>DE</span> <span class='ocrx_word' id='word_1_11' title='bbox 647 436 823 488; x_wconf 85' lang='lat' dir='ltr'>longiori</span> <span class='ocrx_word' id='word_1_12' title='bbox 843 437 953 489; x_wconf 89' lang='lat' dir='ltr'>scapi</span> <span class='ocrx_word' id='word_1_13' title='bbox 982 438 1166 477; x_wconf 87' lang='lat' dir='ltr'>bracchio</span> <span class='ocrx_word' id='word_1_14' title='bbox 1189 440 1308 479; x_wconf 89' lang='lat' dir='ltr'>affixa</span> <span class='ocrx_word' id='word_1_15' title='bbox 1338 439 1435 479; x_wconf 91' lang='lat' dir='ltr'>olim</span> <span class='ocrx_word' id='word_1_16' title='bbox 1467 439 1659 479; x_wconf 86' lang='lat' dir='ltr'><strong>mobilem</strong></span> <span class='ocrx_word' id='word_1_17' title='bbox 1690 453 1827 479; x_wconf 87' lang='lat' dir='ltr'>ansam</span> 
     </span>
    </p>
   </div>
   <div class='ocr_carea' id='block_1_5' title="bbox 74 507 1829 701">
    <p class='ocr_par' dir='ltr' id='par_1_5' title="bbox 74 507 1829 701">
     <span class='ocr_line' id='line_1_6' title="bbox 140 507 1829 564; baseline 0.001 -16.03"><span class='ocrx_word' id='word_1_18' title='bbox 140 507 400 549; x_wconf 68' lang='lat' dir='ltr'>claviculam</span> <span class='ocrx_word' id='word_1_19' title='bbox 437 508 626 562; x_wconf 84' lang='lat' dir='ltr'>gestavit,</span> <span class='ocrx_word' id='word_1_20' title='bbox 663 509 772 548; x_wconf 91' lang='lat' dir='ltr'>unde</span> <span class='ocrx_word' id='word_1_21' title='bbox 810 508 970 559; x_wconf 90' lang='lat' dir='ltr'>pondus</span> <span class='ocrx_word' id='word_1_22' title='bbox 1006 521 1246 560; x_wconf 87' lang='lat' dir='ltr'>suspensum</span> <span class='ocrx_word' id='word_1_23' title='bbox 1285 514 1368 550; x_wconf 85' lang='lat' dir='ltr'>erat</span> <span class='ocrx_word' id='word_1_24' title='bbox 1378 508 1421 564; x_wconf 83' lang='grc'>2).</span> <span class='ocrx_word' id='word_1_25' title='bbox 1482 512 1595 550; x_wconf 86' lang='lat' dir='ltr'>Haec</span> <span class='ocrx_word' id='word_1_26' title='bbox 1635 510 1829 551; x_wconf 87' lang='lat' dir='ltr'>clavicula</span> 
     </span>
     <span class='ocr_line' id='line_1_7' title="bbox 74 577 1827 631; baseline 0.001 -12"><span class='ocrx_word' id='word_1_27' title='bbox 74 598 145 612; x_wconf 77' lang='lat'>·····</span> <span class='ocrx_word' id='word_1_28' title='bbox 185 590 260 619; x_wconf 80' lang='lat' dir='ltr'>suo</span> <span class='ocrx_word' id='word_1_29' title='bbox 287 579 479 631; x_wconf 86' lang='lat' dir='ltr'>pondere</span> <span class='ocrx_word' id='word_1_30' title='bbox 495 578 683 618; x_wconf 88' lang='lat' dir='ltr'>omnibus</span> <span class='ocrx_word' id='word_1_31' title='bbox 714 577 904 629; x_wconf 80' lang='lat' dir='ltr'><strong>deinceps</strong></span> <span class='ocrx_word' id='word_1_32' title='bbox 934 577 1136 631; x_wconf 88' lang='lat' dir='ltr'>incisuris,</span> <span class='ocrx_word' id='word_1_33' title='bbox 1171 593 1272 630; x_wconf 88' lang='lat' dir='ltr'>quae</span> <span class='ocrx_word' id='word_1_34' title='bbox 1302 579 1346 619; x_wconf 91' lang='lat' dir='ltr'>in</span> <span class='ocrx_word' id='word_1_35' title='bbox 1377 580 1583 631; x_wconf 83' lang='lat' dir='ltr'>superiore</span> <span class='ocrx_word' id='word_1_36' title='bbox 1612 580 1827 621; x_wconf 83' lang='lat' dir='ltr'>lamminae</span> 
     </span>
     <span class='ocr_line' id='line_1_8' title="bbox 176 647 1828 701; baseline 0.001 -12.974"><span class='ocrx_word' id='word_1_37' title='bbox 176 648 188 659; x_wconf 83' lang='lat'><strong><em>&#39;</em></strong></span> <span class='ocrx_word' id='word_1_38' title='bbox 202 671 206 681; x_wconf 90' lang='lat'><em>·</em></span> <span class='ocrx_word' id='word_1_39' title='bbox 219 651 242 688; x_wconf 75' lang='lat' dir='ltr'>&#39;e</span> <span class='ocrx_word' id='word_1_40' title='bbox 256 648 570 701; x_wconf 85' lang='lat' dir='ltr'>conspiciuntur,</span> <span class='ocrx_word' id='word_1_41' title='bbox 589 647 714 688; x_wconf 85' lang='lat' dir='ltr'>inseri</span> <span class='ocrx_word' id='word_1_42' title='bbox 733 651 901 700; x_wconf 91' lang='lat' dir='ltr'>poterat,</span> <span class='ocrx_word' id='word_1_43' title='bbox 921 662 1022 698; x_wconf 88' lang='lat' dir='ltr'>quae</span> <span class='ocrx_word' id='word_1_44' title='bbox 1039 663 1118 699; x_wconf 92' lang='lat' dir='ltr'>quo</span> <span class='ocrx_word' id='word_1_45' title='bbox 1139 649 1305 700; x_wconf 89' lang='lat' dir='ltr'>propius</span> <span class='ocrx_word' id='word_1_46' title='bbox 1321 651 1612 690; x_wconf 80' lang='lat' dir='ltr'>extremitatem</span> <span class='ocrx_word' id='word_1_47' title='bbox 1632 650 1828 701; x_wconf 80' lang='lat' dir='ltr'>longioris</span> 
     </span>
    </p>
   </div>
   <div class='ocr_carea' id='block_1_6' title="bbox 117 717 1824 774">
    <p class='ocr_par' dir='ltr' id='par_1_6' title="bbox 35 705 1824 774">
     <span class='ocr_line' id='line_1_9' title="bbox 117 717 1824 774; baseline 0.002 -15.862"><span class='ocrx_word' id='word_1_48' title='bbox 117 747 119 749; x_wconf 78' lang='lat'>.</span> <span class='ocrx_word' id='word_1_49' title='bbox 155 717 236 758; x_wconf 79' lang='lat' dir='ltr'>chii</span> <span class='ocrx_word' id='word_1_50' title='bbox 263 718 572 771; x_wconf 76' lang='lat' dir='ltr'>perducebatur,</span> <span class='ocrx_word' id='word_1_51' title='bbox 605 732 658 758; x_wconf 59' lang='lat' dir='ltr'>‚eo</span> <span class='ocrx_word' id='word_1_52' title='bbox 688 718 820 758; x_wconf 91' lang='lat' dir='ltr'>maius</span> <span class='ocrx_word' id='word_1_53' title='bbox 854 719 1014 770; x_wconf 88' lang='lat' dir='ltr'>pondus</span> <span class='ocrx_word' id='word_1_54' title='bbox 1044 719 1226 758; x_wconf 88' lang='lat' dir='ltr'>lanculae</span> <span class='ocrx_word' id='word_1_55' title='bbox 1257 720 1547 771; x_wconf 89' lang='lat' dir='ltr'>imponendum</span> <span class='ocrx_word' id='word_1_56' title='bbox 1578 720 1824 774; x_wconf 75' lang='lat' dir='ltr'>aequabat3).</span> 
     </span>
    </p>
   </div>
   <div class='ocr_carea' id='block_1_7' title="bbox 57 788 1830 1123">
    <p class='ocr_par' dir='ltr' id='par_1_7' title="bbox 57 788 1830 1123">
     <span class='ocr_line' id='line_1_10' title="bbox 118 788 1830 843; baseline 0.001 -15"><span class='ocrx_word' id='word_1_57' title='bbox 118 793 122 797; x_wconf 83' lang='lat'><em>&#39;</em></span> <span class='ocrx_word' id='word_1_58' title='bbox 177 789 292 829; x_wconf 81' lang='lat' dir='ltr'>Haec</span> <span class='ocrx_word' id='word_1_59' title='bbox 310 788 486 842; x_wconf 86' lang='lat' dir='ltr'>lancula,</span> <span class='ocrx_word' id='word_1_60' title='bbox 509 788 624 829; x_wconf 89' lang='lat' dir='ltr'>cuius</span> <span class='ocrx_word' id='word_1_61' title='bbox 645 788 991 829; x_wconf 81' lang='lat' dir='ltr'>adumbrationem</span> <span class='ocrx_word' id='word_1_62' title='bbox 1018 803 1058 840; x_wconf 92' lang='lat' dir='ltr'>p.</span> <span class='ocrx_word' id='word_1_63' title='bbox 1079 790 1158 828; x_wconf 88' lang='lat'>482</span> <span class='ocrx_word' id='word_1_64' title='bbox 1181 791 1319 843; x_wconf 88' lang='lat' dir='ltr'>habes,</span> <span class='ocrx_word' id='word_1_65' title='bbox 1352 804 1546 842; x_wconf 87' lang='lat' dir='ltr'>suspensa</span> <span class='ocrx_word' id='word_1_66' title='bbox 1566 792 1646 831; x_wconf 84' lang='lat' dir='ltr'>fuit</span> <span class='ocrx_word' id='word_1_67' title='bbox 1666 806 1689 830; x_wconf 86' lang='lat' dir='ltr'>a</span> <span class='ocrx_word' id='word_1_68' title='bbox 1719 791 1830 843; x_wconf 86' lang='lat' dir='ltr'>scapi</span> 
     </span>
     <span class='ocr_line' id='line_1_11' title="bbox 57 858 1827 914; baseline 0.001 -14"><span class='ocrx_word' id='word_1_69' title='bbox 57 860 175 914; x_wconf 49' lang='lat' dir='ltr'>stuta</span> <span class='ocrx_word' id='word_1_70' title='bbox 204 871 253 899; x_wconf 88' lang='lat' dir='ltr'>ea</span> <span class='ocrx_word' id='word_1_71' title='bbox 281 871 384 910; x_wconf 89' lang='lat' dir='ltr'>quae</span> <span class='ocrx_word' id='word_1_72' title='bbox 414 858 521 898; x_wconf 88' lang='lat' dir='ltr'>inter</span> <span class='ocrx_word' id='word_1_73' title='bbox 554 858 592 898; x_wconf 78' lang='lat' dir='ltr'><strong><em>G</em></strong></span> <span class='ocrx_word' id='word_1_74' title='bbox 621 863 662 898; x_wconf 90' lang='lat' dir='ltr'>et</span> <span class='ocrx_word' id='word_1_75' title='bbox 691 860 730 897; x_wconf 93' lang='lat' dir='ltr'><em>B</em></span> <span class='ocrx_word' id='word_1_76' title='bbox 760 859 962 899; x_wconf 82' lang='lat' dir='ltr'>delineata</span> <span class='ocrx_word' id='word_1_77' title='bbox 992 865 1071 910; x_wconf 80' lang='lat' dir='ltr'>est3</span> <span class='ocrx_word' id='word_1_78' title='bbox 1103 861 1174 899; x_wconf 86' lang='lat' dir='ltr'>sed</span> <span class='ocrx_word' id='word_1_79' title='bbox 1205 873 1253 899; x_wconf 91' lang='lat' dir='ltr'>ex</span> <span class='ocrx_word' id='word_1_80' title='bbox 1283 861 1358 900; x_wconf 89' lang='lat' dir='ltr'>hac</span> <span class='ocrx_word' id='word_1_81' title='bbox 1387 863 1516 912; x_wconf 89' lang='lat' dir='ltr'>figura</span> <span class='ocrx_word' id='word_1_82' title='bbox 1545 861 1649 900; x_wconf 91' lang='lat' dir='ltr'>nihil</span> <span class='ocrx_word' id='word_1_83' title='bbox 1680 866 1749 901; x_wconf 88' lang='lat' dir='ltr'>aut</span> <span class='ocrx_word' id='word_1_84' title='bbox 1779 863 1827 901; x_wconf 92' lang='lat' dir='ltr'>de</span> 
     </span>
     <span class='ocr_line' id='line_1_12' title="bbox 73 927 1828 981; baseline 0.001 -13"><span class='ocrx_word' id='word_1_85' title='bbox 73 951 81 968; x_wconf 64' lang='lat'><strong><em>⁴</em></strong></span> <span class='ocrx_word' id='word_1_86' title='bbox 116 927 216 968; x_wconf 85' lang='lat' dir='ltr'>‘ne</span> <span class='ocrx_word' id='word_1_87' title='bbox 235 932 308 968; x_wconf 85' lang='lat' dir='ltr'>aut</span> <span class='ocrx_word' id='word_1_88' title='bbox 326 929 376 968; x_wconf 89' lang='lat' dir='ltr'>de</span> <span class='ocrx_word' id='word_1_89' title='bbox 397 929 487 969; x_wconf 91' lang='lat' dir='ltr'>loco</span> <span class='ocrx_word' id='word_1_90' title='bbox 509 928 787 980; x_wconf 80' lang='lat' dir='ltr'>suspensionis</span> <span class='ocrx_word' id='word_1_91' title='bbox 814 929 1002 981; x_wconf 83' lang='lat' dir='ltr'>colligere</span> <span class='ocrx_word' id='word_1_92' title='bbox 1032 930 1137 969; x_wconf 90' lang='lat' dir='ltr'>licet.</span> <span class='ocrx_word' id='word_1_93' title='bbox 1189 931 1297 980; x_wconf 84' lang='lat' dir='ltr'>Ergo</span> <span class='ocrx_word' id='word_1_94' title='bbox 1328 931 1371 969; x_wconf 91' lang='lat' dir='ltr'>in</span> <span class='ocrx_word' id='word_1_95' title='bbox 1392 931 1584 970; x_wconf 80' lang='lat' dir='ltr'>lammina</span> <span class='ocrx_word' id='word_1_96' title='bbox 1606 931 1691 970; x_wconf 86' lang='lat' dir='ltr'>DE</span> <span class='ocrx_word' id='word_1_97' title='bbox 1716 932 1828 970; x_wconf 90' lang='lat' dir='ltr'>illam</span> 
     </span>
     <span class='ocr_line' id='line_1_13' title="bbox 300 998 1829 1053; baseline 0.001 -13.864"><span class='ocrx_word' id='word_1_98' title='bbox 300 1011 552 1053; x_wconf 70' lang='lat' dir='ltr'>quaeramus,</span> <span class='ocrx_word' id='word_1_99' title='bbox 583 998 627 1037; x_wconf 88' lang='lat' dir='ltr'>in</span> <span class='ocrx_word' id='word_1_100' title='bbox 648 1013 727 1050; x_wconf 89' lang='lat' dir='ltr'>qua</span> <span class='ocrx_word' id='word_1_101' title='bbox 747 1000 939 1052; x_wconf 87' lang='lat' dir='ltr'>normale,</span> <span class='ocrx_word' id='word_1_102' title='bbox 970 1003 1017 1039; x_wconf 91' lang='lat' dir='ltr'>ut</span> <span class='ocrx_word' id='word_1_103' title='bbox 1046 999 1103 1038; x_wconf 89' lang='lat' dir='ltr'>ita</span> <span class='ocrx_word' id='word_1_104' title='bbox 1133 999 1276 1052; x_wconf 88' lang='lat' dir='ltr'>dicam,</span> <span class='ocrx_word' id='word_1_105' title='bbox 1310 1001 1593 1050; x_wconf 86' lang='lat' dir='ltr'>aequilibrium</span> <span class='ocrx_word' id='word_1_106' title='bbox 1624 1001 1829 1040; x_wconf 86' lang='lat' dir='ltr'>observari</span> 
     </span>
     <span class='ocr_line' id='line_1_14' title="bbox 140 1068 1828 1123; baseline 0.001 -14"><span class='ocrx_word' id='word_1_107' title='bbox 140 1072 228 1109; x_wconf 80' lang='lat' dir='ltr'>rat.</span> <span class='ocrx_word' id='word_1_108' title='bbox 286 1068 527 1120; x_wconf 77' lang='lat' dir='ltr'>Perspicuae</span> <span class='ocrx_word' id='word_1_109' title='bbox 557 1072 654 1109; x_wconf 88' lang='lat' dir='ltr'>sunt</span> <span class='ocrx_word' id='word_1_110' title='bbox 683 1073 802 1109; x_wconf 90' lang='lat' dir='ltr'>notae</span> <span class='ocrx_word' id='word_1_111' title='bbox 834 1093 870 1122; x_wconf 88' lang='lat'>.,-</span> <span class='ocrx_word' id='word_1_112' title='bbox 900 1080 932 1122; x_wconf 78' lang='lat' dir='ltr'>t,</span> <span class='ocrx_word' id='word_1_113' title='bbox 969 1069 978 1107; x_wconf 88' lang='grc' dir='ltr'>Ξ</span> <span class='ocrx_word' id='word_1_114' title='bbox 1002 1099 1011 1122; x_wconf 91' lang='lat'>,</span> <span class='ocrx_word' id='word_1_115' title='bbox 1054 1069 1203 1120; x_wconf 88' lang='lat' dir='ltr'>quibus</span> <span class='ocrx_word' id='word_1_116' title='bbox 1232 1069 1370 1122; x_wconf 90' lang='lat' dir='ltr'>uncia,</span> <span class='ocrx_word' id='word_1_117' title='bbox 1405 1075 1586 1123; x_wconf 88' lang='lat' dir='ltr'>sextans,</span> <span class='ocrx_word' id='word_1_118' title='bbox 1627 1072 1828 1120; x_wconf 88' lang='lat' dir='ltr'>quadrans</span> 
     </span>
    </p>
   </div>
   <div class='ocr_carea' id='block_1_8' title="bbox 12 1124 1829 1193">
    <p class='ocr_par' dir='ltr' id='par_1_8' title="bbox 12 1124 1829 1193">
     <span class='ocr_line' id='line_1_15' title="bbox 12 1124 1829 1193; baseline 0 -14"><span class='ocrx_word' id='word_1_119' title='bbox 12 1124 14 1167; x_wconf 35' lang='grc' dir='ltr'>ᾖ</span> <span class='ocrx_word' id='word_1_120' title='bbox 59 1150 109 1179; x_wconf 82' lang='lat' dir='ltr'>ae</span> <span class='ocrx_word' id='word_1_121' title='bbox 135 1137 316 1190; x_wconf 83' lang='lat' dir='ltr'>reliquae</span> <span class='ocrx_word' id='word_1_122' title='bbox 345 1138 448 1179; x_wconf 88' lang='lat' dir='ltr'>assis</span> <span class='ocrx_word' id='word_1_123' title='bbox 477 1142 612 1190; x_wconf 89' lang='lat' dir='ltr'>partes</span> <span class='ocrx_word' id='word_1_124' title='bbox 642 1138 938 1190; x_wconf 80' lang='lat' dir='ltr'>significantur3</span> <span class='ocrx_word' id='word_1_125' title='bbox 970 1140 1167 1178; x_wconf 85' lang='lat' dir='ltr'>deuncem</span> <span class='ocrx_word' id='word_1_126' title='bbox 1199 1150 1218 1191; x_wconf 68' lang='lat' dir='ltr'>s</span> <span class='ocrx_word' id='word_1_127' title='bbox 1250 1140 1432 1189; x_wconf 87' lang='lat' dir='ltr'>sequitur</span> <span class='ocrx_word' id='word_1_128' title='bbox 1462 1140 1563 1179; x_wconf 88' lang='lat' dir='ltr'>assis</span> <span class='ocrx_word' id='word_1_129' title='bbox 1594 1146 1690 1180; x_wconf 86' lang='lat' dir='ltr'>nota</span> <span class='ocrx_word' id='word_1_130' title='bbox 1721 1154 1752 1193; x_wconf 86' lang='lat'>1,</span> <span class='ocrx_word' id='word_1_131' title='bbox 1786 1141 1829 1179; x_wconf 93' lang='lat' dir='ltr'>id</span> 
     </span>
    </p>
   </div>
   <div class='ocr_carea' id='block_1_9' title="bbox 51 1266 1827 1322">
    <p class='ocr_par' dir='ltr' id='par_1_9' title="bbox 46 1258 1827 1322">
     <span class='ocr_line' id='line_1_16' title="bbox 51 1266 1827 1322; baseline -0.001 -13.003"><span class='ocrx_word' id='word_1_132' title='bbox 51 1270 124 1322; x_wconf 57' lang='lat' dir='ltr'>Jest</span> <span class='ocrx_word' id='word_1_133' title='bbox 158 1280 242 1307; x_wconf 85' lang='lat' dir='ltr'>una</span> <span class='ocrx_word' id='word_1_134' title='bbox 277 1268 414 1320; x_wconf 91' lang='lat' dir='ltr'>pondo</span> <span class='ocrx_word' id='word_1_135' title='bbox 450 1266 566 1307; x_wconf 89' lang='lat' dir='ltr'>libra.</span> <span class='ocrx_word' id='word_1_136' title='bbox 636 1268 723 1307; x_wconf 89' lang='lat' dir='ltr'>Iam</span> <span class='ocrx_word' id='word_1_137' title='bbox 761 1267 800 1306; x_wconf 89' lang='lat' dir='ltr'>ei</span> <span class='ocrx_word' id='word_1_138' title='bbox 838 1266 1057 1319; x_wconf 90' lang='lat' dir='ltr'>incisurae,</span> <span class='ocrx_word' id='word_1_139' title='bbox 1109 1281 1210 1317; x_wconf 90' lang='lat' dir='ltr'>quae</span> <span class='ocrx_word' id='word_1_140' title='bbox 1257 1280 1378 1318; x_wconf 86' lang='lat' dir='ltr'>supra</span> <span class='ocrx_word' id='word_1_141' title='bbox 1414 1269 1518 1307; x_wconf 90' lang='lat' dir='ltr'>hanc</span> <span class='ocrx_word' id='word_1_142' title='bbox 1558 1272 1695 1308; x_wconf 88' lang='lat' dir='ltr'>notam</span> <span class='ocrx_word' id='word_1_143' title='bbox 1735 1269 1827 1321; x_wconf 87' lang='lat' dir='ltr'>fuit,</span> 
     </span>
    </p>
   </div>
   <div class='ocr_carea' id='block_1_10' title="bbox 58 1336 1828 1391">
    <p class='ocr_par' dir='ltr' id='par_1_10' title="bbox 58 1336 1828 1391">
     <span class='ocr_line' id='line_1_17' title="bbox 58 1336 1828 1391; baseline -0.001 -13"><span class='ocrx_word' id='word_1_144' title='bbox 58 1336 252 1379; x_wconf 80' lang='lat' dir='ltr'>mobilem</span> <span class='ocrx_word' id='word_1_145' title='bbox 281 1336 544 1389; x_wconf 75' lang='lat' dir='ltr'>aequipondii</span> <span class='ocrx_word' id='word_1_146' title='bbox 573 1336 808 1376; x_wconf 85' lang='lat' dir='ltr'>claviculam</span> <span class='ocrx_word' id='word_1_147' title='bbox 837 1336 1028 1376; x_wconf 83' lang='lat' dir='ltr'>insertam</span> <span class='ocrx_word' id='word_1_148' title='bbox 1050 1350 1136 1376; x_wconf 89' lang='lat' dir='ltr'>esse</span> <span class='ocrx_word' id='word_1_149' title='bbox 1166 1339 1374 1389; x_wconf 89' lang='lat' dir='ltr'>putemus:</span> <span class='ocrx_word' id='word_1_150' title='bbox 1407 1341 1493 1376; x_wconf 91' lang='lat' dir='ltr'>tum</span> <span class='ocrx_word' id='word_1_151' title='bbox 1521 1338 1694 1391; x_wconf 86' lang='lat' dir='ltr'>lancula,</span> <span class='ocrx_word' id='word_1_152' title='bbox 1727 1352 1828 1388; x_wconf 87' lang='lat' dir='ltr'>quae</span> 
     </span>
    </p>
   </div>
   <div class='ocr_carea' id='block_1_11' title="bbox 45 1406 1827 1530">
    <p class='ocr_par' dir='ltr' id='par_1_11' title="bbox 0 1406 1827 1530">
     <span class='ocr_line' id='line_1_18' title="bbox 147 1406 1827 1459; baseline -0.001 -12.08"><span class='ocrx_word' id='word_1_153' title='bbox 147 1406 273 1447; x_wconf 78' lang='lat' dir='ltr'>altero</span> <span class='ocrx_word' id='word_1_154' title='bbox 309 1406 485 1447; x_wconf 84' lang='lat' dir='ltr'>trutinae</span> <span class='ocrx_word' id='word_1_155' title='bbox 521 1406 709 1447; x_wconf 84' lang='lat' dir='ltr'>bracchio</span> <span class='ocrx_word' id='word_1_156' title='bbox 749 1420 944 1459; x_wconf 87' lang='lat' dir='ltr'>suspensa</span> <span class='ocrx_word' id='word_1_157' title='bbox 980 1412 1055 1459; x_wconf 90' lang='lat' dir='ltr'>est,</span> <span class='ocrx_word' id='word_1_158' title='bbox 1103 1407 1248 1446; x_wconf 89' lang='lat' dir='ltr'>mercis</span> <span class='ocrx_word' id='word_1_159' title='bbox 1287 1407 1496 1447; x_wconf 87' lang='lat' dir='ltr'>cuiusdam</span> <span class='ocrx_word' id='word_1_160' title='bbox 1518 1408 1741 1459; x_wconf 86' lang='lat' dir='ltr'>&#39;particulis</span> <span class='ocrx_word' id='word_1_161' title='bbox 1781 1422 1827 1446; x_wconf 94' lang='lat' dir='ltr'>eo</span> 
     </span>
     <span class='ocr_line' id='line_1_19' title="bbox 45 1474 1826 1530; baseline 0 -14"><span class='ocrx_word' id='word_1_162' title='bbox 45 1474 195 1528; x_wconf 72' lang='lat' dir='ltr'>‘usque</span> <span class='ocrx_word' id='word_1_163' title='bbox 207 1475 435 1530; x_wconf 82' lang='lat' dir='ltr'>impleatur,</span> <span class='ocrx_word' id='word_1_164' title='bbox 457 1477 586 1516; x_wconf 85' lang='lat' dir='ltr'>donec</span> <span class='ocrx_word' id='word_1_165' title='bbox 607 1489 752 1528; x_wconf 87' lang='lat' dir='ltr'>scapus</span> <span class='ocrx_word' id='word_1_166' title='bbox 771 1476 1026 1529; x_wconf 86' lang='lat' dir='ltr'>positionem,</span> <span class='ocrx_word' id='word_1_167' title='bbox 1052 1491 1155 1527; x_wconf 89' lang='lat' dir='ltr'>quae</span> <span class='ocrx_word' id='word_1_168' title='bbox 1176 1477 1437 1516; x_wconf 86' lang='lat' dir='ltr'>horizontalis</span> <span class='ocrx_word' id='word_1_169' title='bbox 1458 1476 1618 1530; x_wconf 89' lang='lat' dir='ltr'>dicitur,</span> <span class='ocrx_word' id='word_1_170' title='bbox 1650 1478 1826 1517; x_wconf 88' lang='lat' dir='ltr'>habebit.</span> 
     </span>
    </p>
   </div>
   <div class='ocr_carea' id='block_1_12' title="bbox 13 1545 1829 1670">
    <p class='ocr_par' dir='ltr' id='par_1_12' title="bbox 13 1545 1829 1670">
     <span class='ocr_line' id='line_1_20' title="bbox 15 1545 1828 1604; baseline -0.001 -18"><span class='ocrx_word' id='word_1_171' title='bbox 15 1550 35 1604; x_wconf 21' lang='grc' dir='ltr'>ᾗῇ,</span> <span class='ocrx_word' id='word_1_172' title='bbox 58 1545 128 1587; x_wconf 71' lang='lat' dir='ltr'>Sic</span> <span class='ocrx_word' id='word_1_173' title='bbox 157 1545 285 1598; x_wconf 68' lang='lat' dir='ltr'>igitur</span> <span class='ocrx_word' id='word_1_174' title='bbox 311 1559 442 1600; x_wconf 83' lang='lat' dir='ltr'>merx,</span> <span class='ocrx_word' id='word_1_175' title='bbox 481 1560 584 1598; x_wconf 87' lang='lat' dir='ltr'>quae</span> <span class='ocrx_word' id='word_1_176' title='bbox 622 1550 683 1586; x_wconf 84' lang='lat' dir='ltr'>est</span> <span class='ocrx_word' id='word_1_177' title='bbox 718 1546 762 1586; x_wconf 92' lang='lat' dir='ltr'>in</span> <span class='ocrx_word' id='word_1_178' title='bbox 797 1547 973 1600; x_wconf 85' lang='lat' dir='ltr'>lancula,</span> <span class='ocrx_word' id='word_1_179' title='bbox 1015 1561 1138 1586; x_wconf 90' lang='lat' dir='ltr'>unam</span> <span class='ocrx_word' id='word_1_180' title='bbox 1175 1547 1320 1586; x_wconf 90' lang='lat' dir='ltr'>libram</span> <span class='ocrx_word' id='word_1_181' title='bbox 1349 1548 1523 1598; x_wconf 90' lang='lat' dir='ltr'>pendere</span> <span class='ocrx_word' id='word_1_182' title='bbox 1553 1561 1625 1598; x_wconf 89' lang='lat' dir='ltr'>per</span> <span class='ocrx_word' id='word_1_183' title='bbox 1653 1547 1828 1586; x_wconf 85' lang='lat' dir='ltr'>trutinae</span> 
     </span>
     <span class='ocr_line' id='line_1_21' title="bbox 13 1604 1829 1670; baseline -0.001 -13"><span class='ocrx_word' id='word_1_184' title='bbox 13 1620 15 1622; x_wconf 74' lang='grc'><strong>’</strong></span> <span class='ocrx_word' id='word_1_185' title='bbox 39 1604 304 1669; x_wconf 33' lang='grc' dir='ltr'><strong>’Ῥοεὶὲίοιιοιη</strong></span> <span class='ocrx_word' id='word_1_186' title='bbox 323 1619 443 1668; x_wconf 90' lang='lat' dir='ltr'>atque</span> <span class='ocrx_word' id='word_1_187' title='bbox 463 1630 486 1656; x_wconf 90' lang='lat' dir='ltr'>e</span> <span class='ocrx_word' id='word_1_188' title='bbox 505 1621 603 1656; x_wconf 88' lang='lat' dir='ltr'>nota</span> <span class='ocrx_word' id='word_1_189' title='bbox 624 1628 655 1670; x_wconf 85' lang='lat'>1,</span> <span class='ocrx_word' id='word_1_190' title='bbox 679 1617 731 1656; x_wconf 88' lang='lat' dir='ltr'>ad</span> <span class='ocrx_word' id='word_1_191' title='bbox 751 1630 872 1667; x_wconf 86' lang='lat' dir='ltr'>quam</span> <span class='ocrx_word' id='word_1_192' title='bbox 893 1616 1209 1668; x_wconf 91' lang='lat' dir='ltr'>aequipondium</span> <span class='ocrx_word' id='word_1_193' title='bbox 1229 1618 1467 1668; x_wconf 88' lang='lat' dir='ltr'>perductum</span> <span class='ocrx_word' id='word_1_194' title='bbox 1489 1621 1583 1670; x_wconf 88' lang='lat' dir='ltr'>erat,</span> <span class='ocrx_word' id='word_1_195' title='bbox 1614 1630 1829 1667; x_wconf 89' lang='lat' dir='ltr'>cognosce-</span> 
     </span>
    </p>
   </div>
   <div class='ocr_carea' id='block_1_13' title="bbox 42 1686 1829 1746">
    <p class='ocr_par' dir='ltr' id='par_1_13' title="bbox 33 1683 1829 1746">
     <span class='ocr_line' id='line_1_22' title="bbox 42 1686 1829 1746; baseline -0.001 -19.005"><span class='ocrx_word' id='word_1_196' title='bbox 42 1689 159 1746; x_wconf 68' lang='lat' dir='ltr'>tur.</span> <span class='ocrx_word' id='word_1_197' title='bbox 183 1687 271 1727; x_wconf 80' lang='lat' dir='ltr'>Iam</span> <span class='ocrx_word' id='word_1_198' title='bbox 299 1686 338 1726; x_wconf 83' lang='lat' dir='ltr'>si</span> <span class='ocrx_word' id='word_1_199' title='bbox 365 1687 470 1732; x_wconf 77' lang='lat' dir='ltr'>forte</span> <span class='ocrx_word' id='word_1_200' title='bbox 499 1686 816 1738; x_wconf 86' lang='lat' dir='ltr'>aequipondium</span> <span class='ocrx_word' id='word_1_201' title='bbox 846 1689 898 1726; x_wconf 88' lang='lat' dir='ltr'>ad</span> <span class='ocrx_word' id='word_1_202' title='bbox 927 1686 1152 1739; x_wconf 88' lang='lat' dir='ltr'>proximam</span> <span class='ocrx_word' id='word_1_203' title='bbox 1179 1686 1456 1726; x_wconf 88' lang='lat' dir='ltr'>sinistrorsum</span> <span class='ocrx_word' id='word_1_204' title='bbox 1485 1686 1705 1727; x_wconf 88' lang='lat' dir='ltr'>incisuram</span> <span class='ocrx_word' id='word_1_205' title='bbox 1735 1701 1829 1738; x_wconf 90' lang='lat' dir='ltr'>pro-</span> 
     </span>
    </p>
   </div>
   <div class='ocr_carea' id='block_1_14' title="bbox 12 1746 1829 1809">
    <p class='ocr_par' dir='ltr' id='par_1_14' title="bbox 12 1746 1829 1809">
     <span class='ocr_line' id='line_1_23' title="bbox 12 1746 1829 1809; baseline -0.001 -12"><span class='ocrx_word' id='word_1_206' title='bbox 12 1746 13 1749; x_wconf 23' lang='lat'><em>*</em></span> <span class='ocrx_word' id='word_1_207' title='bbox 57 1755 248 1809; x_wconf 79' lang='lat' dir='ltr'>moveris,</span> <span class='ocrx_word' id='word_1_208' title='bbox 288 1755 449 1796; x_wconf 87' lang='lat' dir='ltr'>lancula</span> <span class='ocrx_word' id='word_1_209' title='bbox 487 1769 579 1796; x_wconf 89' lang='lat' dir='ltr'>cum</span> <span class='ocrx_word' id='word_1_210' title='bbox 609 1770 656 1796; x_wconf 89' lang='lat' dir='ltr'>ea</span> <span class='ocrx_word' id='word_1_211' title='bbox 686 1770 807 1807; x_wconf 88' lang='lat' dir='ltr'>quam</span> <span class='ocrx_word' id='word_1_212' title='bbox 843 1756 930 1796; x_wconf 83' lang='lat' dir='ltr'>dixi</span> <span class='ocrx_word' id='word_1_213' title='bbox 966 1756 1110 1797; x_wconf 90' lang='lat' dir='ltr'>mercis</span> <span class='ocrx_word' id='word_1_214' title='bbox 1139 1756 1324 1808; x_wconf 87' lang='lat' dir='ltr'>portione</span> <span class='ocrx_word' id='word_1_215' title='bbox 1356 1769 1517 1796; x_wconf 88' lang='lat' dir='ltr'>sursum</span> <span class='ocrx_word' id='word_1_216' title='bbox 1546 1758 1755 1808; x_wconf 83' lang='lat' dir='ltr'>evehetur3</span> <span class='ocrx_word' id='word_1_217' title='bbox 1788 1762 1829 1796; x_wconf 89' lang='lat' dir='ltr'>at</span> 
     </span>
    </p>
   </div>
   <div class='ocr_carea' id='block_1_15' title="bbox 4 1825 1829 1882">
    <p class='ocr_par' dir='ltr' id='par_1_15' title="bbox 4 1825 1829 1882">
     <span class='ocr_line' id='line_1_24' title="bbox 4 1825 1829 1882; baseline -0.001 -16"><span class='ocrx_word' id='word_1_218' title='bbox 4 1828 6 1830; x_wconf 76' lang='grc'>’</span> <span class='ocrx_word' id='word_1_219' title='bbox 35 1839 151 1866; x_wconf 72' lang='lat' dir='ltr'>vvero</span> <span class='ocrx_word' id='word_1_220' title='bbox 181 1825 219 1866; x_wconf 86' lang='lat' dir='ltr'>si</span> <span class='ocrx_word' id='word_1_221' title='bbox 246 1828 406 1867; x_wconf 83' lang='lat' dir='ltr'>tantum</span> <span class='ocrx_word' id='word_1_222' title='bbox 420 1826 570 1881; x_wconf 32' lang='lat' dir='ltr'>‘oneris</span> <span class='ocrx_word' id='word_1_223' title='bbox 600 1827 736 1880; x_wconf 87' lang='lat' dir='ltr'>addes,</span> <span class='ocrx_word' id='word_1_224' title='bbox 767 1830 813 1866; x_wconf 93' lang='lat' dir='ltr'>ut</span> <span class='ocrx_word' id='word_1_225' title='bbox 842 1839 979 1866; x_wconf 83' lang='lat' dir='ltr'>rursus</span> <span class='ocrx_word' id='word_1_226' title='bbox 1008 1826 1293 1882; x_wconf 73' lang='lat' dir='ltr'>aequilibrium</span> <span class='ocrx_word' id='word_1_227' title='bbox 1314 1827 1557 1882; x_wconf 83' lang='lat' dir='ltr'>observetur,</span> <span class='ocrx_word' id='word_1_228' title='bbox 1588 1827 1755 1866; x_wconf 88' lang='lat' dir='ltr'>habebis</span> <span class='ocrx_word' id='word_1_229' title='bbox 1785 1827 1829 1865; x_wconf 91' lang='lat' dir='ltr'>in</span> 
     </span>
    </p>
   </div>
   <div class='ocr_carea' id='block_1_16' title="bbox 56 1894 1829 1948">
    <p class='ocr_par' dir='ltr' id='par_1_16' title="bbox 56 1894 1829 1948">
     <span class='ocr_line' id='line_1_25' title="bbox 56 1894 1829 1948; baseline -0.001 -12"><span class='ocrx_word' id='word_1_230' title='bbox 56 1895 222 1936; x_wconf 86' lang='lat' dir='ltr'>lancula</span> <span class='ocrx_word' id='word_1_231' title='bbox 250 1908 354 1935; x_wconf 79' lang='lat' dir='ltr'>onus</span> <span class='ocrx_word' id='word_1_232' title='bbox 382 1894 506 1935; x_wconf 85' lang='lat' dir='ltr'>unius</span> <span class='ocrx_word' id='word_1_233' title='bbox 534 1895 661 1936; x_wconf 86' lang='lat' dir='ltr'>librae</span> <span class='ocrx_word' id='word_1_234' title='bbox 678 1907 783 1936; x_wconf 67' lang='lat' dir='ltr'>&#39;cum</span> <span class='ocrx_word' id='word_1_235' title='bbox 813 1896 943 1937; x_wconf 88' lang='lat' dir='ltr'>uncia.</span> <span class='ocrx_word' id='word_1_236' title='bbox 1007 1899 1140 1948; x_wconf 87' lang='lat' dir='ltr'>Atque</span> <span class='ocrx_word' id='word_1_237' title='bbox 1172 1898 1310 1937; x_wconf 89' lang='lat' dir='ltr'>eadem</span> <span class='ocrx_word' id='word_1_238' title='bbox 1344 1897 1500 1936; x_wconf 88' lang='lat' dir='ltr'>ratione</span> <span class='ocrx_word' id='word_1_239' title='bbox 1530 1896 1685 1936; x_wconf 86' lang='lat' dir='ltr'>maiora</span> <span class='ocrx_word' id='word_1_240' title='bbox 1714 1897 1829 1936; x_wconf 90' lang='lat' dir='ltr'>dein-</span> 
     </span>
    </p>
   </div>
   <div class='ocr_carea' id='block_1_17' title="bbox 41 1951 1828 2019">
    <p class='ocr_par' dir='ltr' id='par_1_17' title="bbox 41 1951 1828 2019">
     <span class='ocr_line' id='line_1_26' title="bbox 41 1951 1828 2019; baseline -0.001 -13"><span class='ocrx_word' id='word_1_241' title='bbox 41 1951 152 2018; x_wconf 45' lang='lat' dir='ltr'>*ceps</span> <span class='ocrx_word' id='word_1_242' title='bbox 181 1978 304 2006; x_wconf 88' lang='lat' dir='ltr'>onera</span> <span class='ocrx_word' id='word_1_243' title='bbox 334 1965 559 2017; x_wconf 86' lang='lat' dir='ltr'>appendere</span> <span class='ocrx_word' id='word_1_244' title='bbox 589 1966 754 2019; x_wconf 85' lang='lat' dir='ltr'>poteris,</span> <span class='ocrx_word' id='word_1_245' title='bbox 788 1979 879 2005; x_wconf 88' lang='lat' dir='ltr'>cum</span> <span class='ocrx_word' id='word_1_246' title='bbox 909 1967 1225 2019; x_wconf 86' lang='lat' dir='ltr'>aequipondium</span> <span class='ocrx_word' id='word_1_247' title='bbox 1255 1967 1407 2006; x_wconf 86' lang='lat' dir='ltr'>sensim</span> <span class='ocrx_word' id='word_1_248' title='bbox 1428 1967 1704 2006; x_wconf 84' lang='lat' dir='ltr'>sinistrorsum</span> <span class='ocrx_word' id='word_1_249' title='bbox 1734 1979 1828 2017; x_wconf 90' lang='lat' dir='ltr'>pro-</span> 
     </span>
    </p>
   </div>
   <div class='ocr_carea' id='block_1_18' title="bbox 57 2034 1828 2230">
    <p class='ocr_par' dir='ltr' id='par_1_18' title="bbox 57 2034 1828 2230">
     <span class='ocr_line' id='line_1_27' title="bbox 57 2034 1828 2094; baseline -0.001 -18"><span class='ocrx_word' id='word_1_250' title='bbox 57 2035 251 2087; x_wconf 78' lang='lat' dir='ltr'>moveris3</span> <span class='ocrx_word' id='word_1_251' title='bbox 282 2034 341 2074; x_wconf 87' lang='lat' dir='ltr'>sic</span> <span class='ocrx_word' id='word_1_252' title='bbox 371 2034 545 2086; x_wconf 87' lang='lat' dir='ltr'>denique</span> <span class='ocrx_word' id='word_1_253' title='bbox 575 2037 626 2076; x_wconf 87' lang='lat' dir='ltr'>ad</span> <span class='ocrx_word' id='word_1_254' title='bbox 656 2049 857 2091; x_wconf 86' lang='lat' dir='ltr'>summum</span> <span class='ocrx_word' id='word_1_255' title='bbox 886 2037 1056 2090; x_wconf 89' lang='lat' dir='ltr'>pondus,</span> <span class='ocrx_word' id='word_1_256' title='bbox 1090 2038 1198 2088; x_wconf 89' lang='lat' dir='ltr'>quod</span> <span class='ocrx_word' id='word_1_257' title='bbox 1227 2037 1381 2094; x_wconf 79' lang='lat' dir='ltr'>trutina</span> <span class='ocrx_word' id='word_1_258' title='bbox 1410 2037 1597 2089; x_wconf 85' lang='lat' dir='ltr'>patietur,</span> <span class='ocrx_word' id='word_1_259' title='bbox 1630 2036 1672 2074; x_wconf 91' lang='lat' dir='ltr'>id</span> <span class='ocrx_word' id='word_1_260' title='bbox 1697 2040 1756 2076; x_wconf 90' lang='lat' dir='ltr'>est</span> <span class='ocrx_word' id='word_1_261' title='bbox 1777 2037 1828 2075; x_wconf 88' lang='lat' dir='ltr'>ad</span> 
     </span>
     <span class='ocr_line' id='line_1_28' title="bbox 58 2104 1828 2159; baseline -0.001 -13"><span class='ocrx_word' id='word_1_262' title='bbox 58 2117 174 2146; x_wconf 80' lang='lat' dir='ltr'>xxxx</span> <span class='ocrx_word' id='word_1_263' title='bbox 209 2104 351 2158; x_wconf 87' lang='lat' dir='ltr'>libras,</span> <span class='ocrx_word' id='word_1_264' title='bbox 393 2106 615 2156; x_wconf 84' lang='lat' dir='ltr'>pervenies.</span> <span class='ocrx_word' id='word_1_265' title='bbox 677 2108 828 2146; x_wconf 86' lang='lat' dir='ltr'>Contra</span> <span class='ocrx_word' id='word_1_266' title='bbox 859 2106 895 2146; x_wconf 90' lang='lat' dir='ltr'>si</span> <span class='ocrx_word' id='word_1_267' title='bbox 924 2108 972 2146; x_wconf 91' lang='lat' dir='ltr'>ab</span> <span class='ocrx_word' id='word_1_268' title='bbox 1004 2120 1050 2146; x_wconf 92' lang='lat' dir='ltr'>eo</span> <span class='ocrx_word' id='word_1_269' title='bbox 1081 2106 1186 2159; x_wconf 92' lang='lat' dir='ltr'>loco,</span> <span class='ocrx_word' id='word_1_270' title='bbox 1229 2106 1301 2156; x_wconf 92' lang='lat' dir='ltr'>qui</span> <span class='ocrx_word' id='word_1_271' title='bbox 1337 2106 1438 2146; x_wconf 89' lang='lat' dir='ltr'>assis</span> <span class='ocrx_word' id='word_1_272' title='bbox 1475 2110 1571 2145; x_wconf 88' lang='lat' dir='ltr'>nota</span> <span class='ocrx_word' id='word_1_273' title='bbox 1611 2105 1828 2156; x_wconf 87' lang='lat' dir='ltr'>insignitus</span> 
     </span>
     <span class='ocr_line' id='line_1_29' title="bbox 57 2175 1828 2230; baseline -0.001 -14"><span class='ocrx_word' id='word_1_274' title='bbox 57 2179 136 2228; x_wconf 84' lang='lat' dir='ltr'>est,</span> <span class='ocrx_word' id='word_1_275' title='bbox 176 2175 432 2216; x_wconf 77' lang='lat' dir='ltr'>dextrorsum</span> <span class='ocrx_word' id='word_1_276' title='bbox 466 2175 752 2230; x_wconf 88' lang='lat' dir='ltr'>progredieris,</span> <span class='ocrx_word' id='word_1_277' title='bbox 794 2176 978 2230; x_wconf 84' lang='lat' dir='ltr'>deuncis,</span> <span class='ocrx_word' id='word_1_278' title='bbox 1020 2177 1243 2229; x_wconf 87' lang='lat' dir='ltr'>dextantis,</span> <span class='ocrx_word' id='word_1_279' title='bbox 1285 2190 1403 2228; x_wconf 91' lang='lat' dir='ltr'>porro</span> <span class='ocrx_word' id='word_1_280' title='bbox 1441 2176 1688 2226; x_wconf 88' lang='lat' dir='ltr'>reliquarum</span> <span class='ocrx_word' id='word_1_281' title='bbox 1727 2175 1828 2215; x_wconf 86' lang='lat' dir='ltr'>assis</span> 
     </span>
    </p>
   </div>
   <div class='ocr_carea' id='block_1_19' title="bbox 20 2243 1827 2439">
    <p class='ocr_par' dir='ltr' id='par_1_19' title="bbox 20 2243 1827 2439">
     <span class='ocr_line' id='line_1_30' title="bbox 29 2243 1827 2300; baseline 0 -16"><span class='ocrx_word' id='word_1_282' title='bbox 29 2243 232 2298; x_wconf 83' lang='lat' dir='ltr'>..partium</span> <span class='ocrx_word' id='word_1_283' title='bbox 267 2248 387 2285; x_wconf 87' lang='lat' dir='ltr'>notas</span> <span class='ocrx_word' id='word_1_284' title='bbox 425 2246 701 2297; x_wconf 89' lang='lat' dir='ltr'>deprehendes</span> <span class='ocrx_word' id='word_1_285' title='bbox 738 2250 778 2285; x_wconf 92' lang='lat' dir='ltr'>et</span> <span class='ocrx_word' id='word_1_286' title='bbox 813 2247 1083 2298; x_wconf 89' lang='lat' dir='ltr'>aequipondio</span> <span class='ocrx_word' id='word_1_287' title='bbox 1130 2248 1295 2286; x_wconf 90' lang='lat' dir='ltr'>reducto</span> <span class='ocrx_word' id='word_1_288' title='bbox 1340 2247 1552 2300; x_wconf 87' lang='lat' dir='ltr'>deuncem,</span> <span class='ocrx_word' id='word_1_289' title='bbox 1597 2247 1827 2285; x_wconf 86' lang='lat' dir='ltr'>dextantem</span> 
     </span>
     <span class='ocr_line' id='line_1_31' title="bbox 20 2313 1827 2367; baseline 0 -13"><span class='ocrx_word' id='word_1_290' title='bbox 20 2344 22 2346; x_wconf 31' lang='lat' dir='ltr'>v</span> <span class='ocrx_word' id='word_1_291' title='bbox 57 2313 239 2366; x_wconf 85' lang='lat' dir='ltr'>aliasque</span> <span class='ocrx_word' id='word_1_292' title='bbox 267 2313 395 2354; x_wconf 89' lang='lat' dir='ltr'>librae</span> <span class='ocrx_word' id='word_1_293' title='bbox 424 2315 643 2367; x_wconf 89' lang='lat' dir='ltr'>particulas</span> <span class='ocrx_word' id='word_1_294' title='bbox 671 2329 800 2366; x_wconf 88' lang='lat' dir='ltr'>usque</span> <span class='ocrx_word' id='word_1_295' title='bbox 832 2317 883 2356; x_wconf 88' lang='lat' dir='ltr'>ad</span> <span class='ocrx_word' id='word_1_296' title='bbox 913 2316 1178 2366; x_wconf 87' lang='lat' dir='ltr'>semuncium,</span> <span class='ocrx_word' id='word_1_297' title='bbox 1212 2330 1314 2366; x_wconf 88' lang='lat' dir='ltr'>quae</span> <span class='ocrx_word' id='word_1_298' title='bbox 1343 2329 1466 2367; x_wconf 88' lang='lat' dir='ltr'>prope</span> <span class='ocrx_word' id='word_1_299' title='bbox 1496 2315 1658 2355; x_wconf 87' lang='lat' dir='ltr'>unciam</span> <span class='ocrx_word' id='word_1_300' title='bbox 1688 2319 1827 2355; x_wconf 90' lang='lat' dir='ltr'>notata</span> 
     </span>
     <span class='ocr_line' id='line_1_32' title="bbox 20 2382 839 2439; baseline 0 -14"><span class='ocrx_word' id='word_1_301' title='bbox 20 2409 28 2435; x_wconf 87' lang='lat'>·.</span> <span class='ocrx_word' id='word_1_302' title='bbox 58 2397 148 2426; x_wconf 72' lang='lat' dir='ltr'>csse</span> <span class='ocrx_word' id='word_1_303' title='bbox 168 2382 387 2439; x_wconf 58' lang='lat' dir='ltr'>videtufl),</span> <span class='ocrx_word' id='word_1_304' title='bbox 420 2386 645 2437; x_wconf 86' lang='lat' dir='ltr'>appendere</span> <span class='ocrx_word' id='word_1_305' title='bbox 675 2386 839 2437; x_wconf 88' lang='lat' dir='ltr'>poteris.</span> 
     </span>
    </p>
   </div>
   <div class='ocr_carea' id='block_1_20' title="bbox 58 2453 1825 2578">
    <p class='ocr_par' dir='ltr' id='par_1_20' title="bbox 58 2453 1825 2578">
     <span class='ocr_line' id='line_1_33' title="bbox 172 2453 1825 2506; baseline -0.001 -12"><span class='ocrx_word' id='word_1_306' title='bbox 172 2455 254 2494; x_wconf 83' lang='lat' dir='ltr'>Sed</span> <span class='ocrx_word' id='word_1_307' title='bbox 282 2453 364 2494; x_wconf 87' lang='lat' dir='ltr'>iam</span> <span class='ocrx_word' id='word_1_308' title='bbox 393 2455 445 2494; x_wconf 91' lang='lat' dir='ltr'>ad</span> <span class='ocrx_word' id='word_1_309' title='bbox 473 2455 695 2494; x_wconf 87' lang='lat' dir='ltr'>normalem</span> <span class='ocrx_word' id='word_1_310' title='bbox 716 2455 946 2506; x_wconf 89' lang='lat' dir='ltr'>aequilibrii</span> <span class='ocrx_word' id='word_1_311' title='bbox 975 2455 1219 2506; x_wconf 88' lang='lat' dir='ltr'>positionem</span> <span class='ocrx_word' id='word_1_312' title='bbox 1239 2456 1447 2495; x_wconf 88' lang='lat' dir='ltr'>redeamus</span> <span class='ocrx_word' id='word_1_313' title='bbox 1469 2460 1508 2495; x_wconf 85' lang='lat' dir='ltr'>et</span> <span class='ocrx_word' id='word_1_314' title='bbox 1529 2469 1620 2495; x_wconf 92' lang='lat' dir='ltr'>cum</span> <span class='ocrx_word' id='word_1_315' title='bbox 1640 2454 1825 2495; x_wconf 84' lang='lat' dir='ltr'>Vitruvio</span> 
     </span>
     <span class='ocr_line' id='line_1_34' title="bbox 58 2523 1825 2578; baseline -0.001 -14"><span class='ocrx_word' id='word_1_316' title='bbox 58 2527 285 2564; x_wconf 88' lang='lat' dir='ltr'>centrum</span> <span class='ocrx_word' id='word_1_317' title='bbox 313 2523 357 2564; x_wconf 89' lang='lat' dir='ltr'>id</span> <span class='ocrx_word' id='word_1_318' title='bbox 386 2529 583 2576; x_wconf 89' lang='lat' dir='ltr'>punctum</span> <span class='ocrx_word' id='word_1_319' title='bbox 613 2524 806 2578; x_wconf 87' lang='lat' dir='ltr'>dicamus,</span> <span class='ocrx_word' id='word_1_320' title='bbox 838 2527 945 2565; x_wconf 90' lang='lat' dir='ltr'>unde</span> <span class='ocrx_word' id='word_1_321' title='bbox 976 2525 1128 2565; x_wconf 87' lang='lat' dir='ltr'>trutina</span> <span class='ocrx_word' id='word_1_322' title='bbox 1160 2539 1354 2577; x_wconf 84' lang='lat' dir='ltr'>suspensa</span> <span class='ocrx_word' id='word_1_323' title='bbox 1384 2525 1474 2564; x_wconf 88' lang='lat' dir='ltr'>fuit.</span> <span class='ocrx_word' id='word_1_324' title='bbox 1526 2527 1593 2564; x_wconf 91' lang='lat' dir='ltr'>Ad</span> <span class='ocrx_word' id='word_1_325' title='bbox 1616 2528 1825 2575; x_wconf 85' lang='lat' dir='ltr'>utramque</span> 
     </span>
    </p>
   </div>
   <div class='ocr_carea' id='block_1_21' title="bbox 28 2593 1825 2646">
    <p class='ocr_par' dir='ltr' id='par_1_21' title="bbox 18 2593 1825 2646">
     <span class='ocr_line' id='line_1_35' title="bbox 28 2593 1825 2646; baseline -0.001 -12.006"><span class='ocrx_word' id='word_1_326' title='bbox 28 2599 29 2603; x_wconf 76' lang='grc'>’</span> <span class='ocrx_word' id='word_1_327' title='bbox 57 2593 186 2634; x_wconf 84' lang='lat' dir='ltr'>centri</span> <span class='ocrx_word' id='word_1_328' title='bbox 213 2597 368 2646; x_wconf 77' lang='lat' dir='ltr'>partem</span> <span class='ocrx_word' id='word_1_329' title='bbox 395 2594 558 2644; x_wconf 82' lang='lat' dir='ltr'>longius</span> <span class='ocrx_word' id='word_1_330' title='bbox 587 2594 820 2634; x_wconf 87' lang='lat' dir='ltr'>bracchium</span> <span class='ocrx_word' id='word_1_331' title='bbox 841 2599 880 2634; x_wconf 90' lang='lat' dir='ltr'>et</span> <span class='ocrx_word' id='word_1_332' title='bbox 901 2596 1072 2635; x_wconf 90' lang='lat' dir='ltr'>alterum</span> <span class='ocrx_word' id='word_1_333' title='bbox 1101 2595 1262 2634; x_wconf 87' lang='lat' dir='ltr'>brevius</span> <span class='ocrx_word' id='word_1_334' title='bbox 1284 2595 1593 2646; x_wconf 83' lang='lat' dir='ltr'>distinguamus.</span> <span class='ocrx_word' id='word_1_335' title='bbox 1645 2595 1825 2646; x_wconf 84' lang='lat' dir='ltr'>Longius</span> 
     </span>
    </p>
   </div>
   <div class='ocr_carea' id='block_1_22' title="bbox 56 2696 334 2706">
    <p class='ocr_par' dir='ltr' id='par_1_22' title="bbox 56 2696 334 2706">
     <span class='ocr_line' id='line_1_36' title="bbox 56 2696 334 2706; baseline 0 0"><span class='ocrx_word' id='word_1_336' title='bbox 56 2696 334 2706; x_wconf 95' lang='lat' dir='ltr'> </span> 
     </span>
    </p>
   </div>
   <div class='ocr_carea' id='block_1_23' title="bbox 153 2775 1824 2825">
    <p class='ocr_par' dir='ltr' id='par_1_23' title="bbox 153 2775 1824 2825">
     <span class='ocr_line' id='line_1_37' title="bbox 153 2775 1824 2825; baseline -0.001 -11"><span class='ocrx_word' id='word_1_337' title='bbox 153 2778 176 2823; x_wconf 89' lang='lat'>¹)</span> <span class='ocrx_word' id='word_1_338' title='bbox 199 2775 436 2814; x_wconf 86' lang='lat' dir='ltr'>Friederichs</span> <span class='ocrx_word' id='word_1_339' title='bbox 466 2776 615 2814; x_wconf 69' lang='lat' dir='ltr'>Rerum</span> <span class='ocrx_word' id='word_1_340' title='bbox 644 2781 716 2813; x_wconf 77' lang='lat' dir='ltr'>ant.</span> <span class='ocrx_word' id='word_1_341' title='bbox 748 2777 956 2815; x_wconf 73' lang='lat' dir='ltr'>Bildwerke</span> <span class='ocrx_word' id='word_1_342' title='bbox 985 2778 1025 2814; x_wconf 94' lang='lat'>11</span> <span class='ocrx_word' id='word_1_343' title='bbox 1047 2790 1082 2825; x_wconf 89' lang='lat' dir='ltr'>p.</span> <span class='ocrx_word' id='word_1_344' title='bbox 1101 2779 1168 2814; x_wconf 85' lang='lat'>200</span> <span class='ocrx_word' id='word_1_345' title='bbox 1184 2789 1210 2814; x_wconf 85' lang='lat' dir='ltr'>s.</span> <span class='ocrx_word' id='word_1_346' title='bbox 1260 2778 1491 2815; x_wconf 87' lang='lat' dir='ltr'>Baumeister</span> <span class='ocrx_word' id='word_1_347' title='bbox 1519 2779 1741 2816; x_wconf 71' lang='lat' dir='ltr'>Denkmciler</span> <span class='ocrx_word' id='word_1_348' title='bbox 1765 2778 1824 2813; x_wconf 75' lang='lat' dir='ltr'>des</span> 
     </span>
    </p>
   </div>
   <div class='ocr_carea' id='block_1_24' title="bbox 55 2834 1091 2938">
    <p class='ocr_par' dir='ltr' id='par_1_24' title="bbox 55 2834 1091 2938">
     <span class='ocr_line' id='line_1_38' title="bbox 55 2834 693 2882; baseline -0.002 -10"><span class='ocrx_word' id='word_1_349' title='bbox 55 2834 173 2874; x_wconf 67' lang='lat' dir='ltr'>Mau.</span> <span class='ocrx_word' id='word_1_350' title='bbox 197 2835 401 2872; x_wconf 69' lang='lat' dir='ltr'>Altertuma</span> <span class='ocrx_word' id='word_1_351' title='bbox 423 2834 485 2871; x_wconf 92' lang='lat'>111</span> <span class='ocrx_word' id='word_1_352' title='bbox 507 2846 543 2882; x_wconf 92' lang='lat' dir='ltr'>p.</span> <span class='ocrx_word' id='word_1_353' title='bbox 560 2836 651 2870; x_wconf 83' lang='lat'>2078</span> <span class='ocrx_word' id='word_1_354' title='bbox 665 2847 693 2871; x_wconf 91' lang='lat' dir='ltr'>s.</span> 
     </span>
     <span class='ocr_line' id='line_1_39' title="bbox 151 2891 1091 2938; baseline 0 -8"><span class='ocrx_word' id='word_1_355' title='bbox 151 2892 179 2938; x_wconf 78' lang='lat'>¹)</span> <span class='ocrx_word' id='word_1_356' title='bbox 201 2891 434 2930; x_wconf 77' lang='lat' dir='ltr'>FrIederichs</span> <span class='ocrx_word' id='word_1_357' title='bbox 456 2891 481 2928; x_wconf 93' lang='lat'>1.</span> <span class='ocrx_word' id='word_1_358' title='bbox 499 2903 529 2929; x_wconf 90' lang='lat' dir='ltr'>c.</span> <span class='ocrx_word' id='word_1_359' title='bbox 552 2904 612 2929; x_wconf 89' lang='lat' dir='ltr'>no.</span> <span class='ocrx_word' id='word_1_360' title='bbox 637 2895 715 2929; x_wconf 86' lang='grc'><strong>900.</strong></span> <span class='ocrx_word' id='word_1_361' title='bbox 763 2892 996 2930; x_wconf 86' lang='lat' dir='ltr'>Baumeister</span> <span class='ocrx_word' id='word_1_362' title='bbox 1019 2893 1043 2929; x_wconf 90' lang='lat'>1.</span> <span class='ocrx_word' id='word_1_363' title='bbox 1063 2905 1091 2930; x_wconf 89' lang='lat' dir='ltr'>c.</span> 
     </span>
    </p>
   </div>
   <div class='ocr_carea' id='block_1_25' title="bbox 149 2949 1824 3058">
    <p class='ocr_par' dir='ltr' id='par_1_25' title="bbox 149 2949 1824 3058">
     <span class='ocr_line' id='line_1_40' title="bbox 150 2949 442 2988; baseline 0 -1"><span class='ocrx_word' id='word_1_364' title='bbox 150 2951 167 2979; x_wconf 70' lang='grc' dir='ltr'>θ</span> <span class='ocrx_word' id='word_1_365' title='bbox 235 2949 311 2988; x_wconf 89' lang='lat' dir='ltr'>itru</span> <span class='ocrx_word' id='word_1_366' title='bbox 337 2976 346 2987; x_wconf 91' lang='lat'>.</span> <span class='ocrx_word' id='word_1_367' title='bbox 370 2950 394 2987; x_wconf 88' lang='lat'>1.</span> <span class='ocrx_word' id='word_1_368' title='bbox 412 2963 442 2988; x_wconf 93' lang='lat' dir='ltr'>c.</span> 
     </span>
     <span class='ocr_line' id='line_1_41' title="bbox 149 2950 1824 3058; baseline 0.001 -12"><span class='ocrx_word' id='word_1_369' title='bbox 149 2952 178 3055; x_wconf 58' lang='grc' dir='ltr'>(ζ</span> <span class='ocrx_word' id='word_1_370' title='bbox 199 2950 356 3046; x_wconf 54' lang='lat' dir='ltr'>{unctis</span> <span class='ocrx_word' id='word_1_371' title='bbox 380 3009 526 3046; x_wconf 92' lang='lat' dir='ltr'>duobus</span> <span class='ocrx_word' id='word_1_372' title='bbox 551 3009 791 3046; x_wconf 86' lang='lat' dir='ltr'>crassioribus</span> <span class='ocrx_word' id='word_1_373' title='bbox 815 3014 853 3047; x_wconf 90' lang='lat' dir='ltr'>et</span> <span class='ocrx_word' id='word_1_374' title='bbox 876 3009 1134 3058; x_wconf 87' lang='lat' dir='ltr'>duodeviginti</span> <span class='ocrx_word' id='word_1_375' title='bbox 1161 3010 1428 3057; x_wconf 89' lang='lat' dir='ltr'>subtilioribus,</span> <span class='ocrx_word' id='word_1_376' title='bbox 1454 3010 1547 3058; x_wconf 84' lang='lat' dir='ltr'>quae</span> <span class='ocrx_word' id='word_1_377' title='bbox 1572 3011 1611 3047; x_wconf 89' lang='lat' dir='ltr'>in</span> <span class='ocrx_word' id='word_1_378' title='bbox 1636 3011 1824 3058; x_wconf 89' lang='lat' dir='ltr'>superiore</span> 
     </span>
    </p>
   </div>
   <div class='ocr_carea' id='block_1_26' title="bbox 22 3066 1824 3231">
    <p class='ocr_par' dir='ltr' id='par_1_26' title="bbox 22 3066 1824 3231">
     <span class='ocr_line' id='line_1_42' title="bbox 22 3066 1824 3116; baseline -0.001 -10"><span class='ocrx_word' id='word_1_379' title='bbox 22 3071 27 3106; x_wconf 70' lang='lat' dir='ltr'>s</span> <span class='ocrx_word' id='word_1_380' title='bbox 55 3066 176 3116; x_wconf 70' lang='lat' dir='ltr'>figura</span> <span class='ocrx_word' id='word_1_381' title='bbox 199 3067 248 3104; x_wconf 88' lang='lat' dir='ltr'>ad</span> <span class='ocrx_word' id='word_1_382' title='bbox 271 3066 437 3104; x_wconf 85' lang='lat' dir='ltr'>dextram</span> <span class='ocrx_word' id='word_1_383' title='bbox 459 3071 599 3114; x_wconf 83' lang='lat' dir='ltr'>partem</span> <span class='ocrx_word' id='word_1_384' title='bbox 623 3071 731 3104; x_wconf 87' lang='lat' dir='ltr'>notae</span> <span class='ocrx_word' id='word_1_385' title='bbox 755 3090 786 3113; x_wconf 81' lang='lat'>·‚</span> <span class='ocrx_word' id='word_1_386' title='bbox 812 3067 852 3104; x_wconf 90' lang='lat' dir='ltr'>id</span> <span class='ocrx_word' id='word_1_387' title='bbox 876 3072 932 3105; x_wconf 87' lang='lat' dir='ltr'>est</span> <span class='ocrx_word' id='word_1_388' title='bbox 955 3069 1100 3115; x_wconf 82' lang='lat' dir='ltr'>unciae,</span> <span class='ocrx_word' id='word_1_389' title='bbox 1130 3068 1424 3116; x_wconf 82' lang='lat' dir='ltr'>conspiciuntur,</span> <span class='ocrx_word' id='word_1_390' title='bbox 1456 3069 1630 3116; x_wconf 87' lang='lat' dir='ltr'>pondus</span> <span class='ocrx_word' id='word_1_391' title='bbox 1657 3069 1824 3105; x_wconf 86' lang='lat' dir='ltr'>denotari</span> 
     </span>
     <span class='ocr_line' id='line_1_43' title="bbox 47 3124 1822 3174; baseline -0.001 -10"><span class='ocrx_word' id='word_1_392' title='bbox 47 3125 284 3164; x_wconf 63' lang='lat' dir='ltr'>domonstrat</span> <span class='ocrx_word' id='word_1_393' title='bbox 306 3125 469 3162; x_wconf 87' lang='lat' dir='ltr'>incisura</span> <span class='ocrx_word' id='word_1_394' title='bbox 493 3136 602 3171; x_wconf 87' lang='lat' dir='ltr'>supra</span> <span class='ocrx_word' id='word_1_395' title='bbox 624 3124 714 3161; x_wconf 89' lang='lat' dir='ltr'>haec</span> <span class='ocrx_word' id='word_1_396' title='bbox 737 3130 874 3173; x_wconf 87' lang='lat' dir='ltr'>puncta</span> <span class='ocrx_word' id='word_1_397' title='bbox 899 3138 920 3162; x_wconf 90' lang='lat' dir='ltr'>a</span> <span class='ocrx_word' id='word_1_398' title='bbox 945 3126 1050 3163; x_wconf 86' lang='lat' dir='ltr'>fabro</span> <span class='ocrx_word' id='word_1_399' title='bbox 1070 3127 1177 3163; x_wconf 81' lang='lat' dir='ltr'>facta.</span> <span class='ocrx_word' id='word_1_400' title='bbox 1219 3128 1272 3163; x_wconf 87' lang='lat' dir='ltr'>At</span> <span class='ocrx_word' id='word_1_401' title='bbox 1286 3139 1372 3163; x_wconf 86' lang='lat' dir='ltr'>vero</span> <span class='ocrx_word' id='word_1_402' title='bbox 1390 3127 1438 3163; x_wconf 92' lang='lat' dir='ltr'>iis</span> <span class='ocrx_word' id='word_1_403' title='bbox 1457 3139 1549 3174; x_wconf 85' lang='lat' dir='ltr'>quos</span> <span class='ocrx_word' id='word_1_404' title='bbox 1567 3126 1644 3162; x_wconf 87' lang='lat' dir='ltr'>dixi</span> <span class='ocrx_word' id='word_1_405' title='bbox 1669 3131 1822 3173; x_wconf 89' lang='lat' dir='ltr'>puncto-</span> 
     </span>
     <span class='ocr_line' id='line_1_44' title="bbox 28 3182 1823 3231; baseline -0.002 -8"><span class='ocrx_word' id='word_1_406' title='bbox 28 3202 29 3205; x_wconf 46' lang='lat'><em>*</em></span> <span class='ocrx_word' id='word_1_407' title='bbox 54 3194 141 3224; x_wconf 74' lang='lat' dir='ltr'>mm</span> <span class='ocrx_word' id='word_1_408' title='bbox 161 3183 324 3221; x_wconf 85' lang='lat' dir='ltr'>numeris</span> <span class='ocrx_word' id='word_1_409' title='bbox 341 3182 446 3220; x_wconf 89' lang='lat' dir='ltr'>nulla</span> <span class='ocrx_word' id='word_1_410' title='bbox 459 3183 610 3231; x_wconf 86' lang='lat' dir='ltr'>propria</span> <span class='ocrx_word' id='word_1_411' title='bbox 625 3183 797 3230; x_wconf 90' lang='lat' dir='ltr'>ponderis</span> <span class='ocrx_word' id='word_1_412' title='bbox 814 3184 1034 3230; x_wconf 82' lang='lat' dir='ltr'>significatio</span> <span class='ocrx_word' id='word_1_413' title='bbox 1050 3185 1246 3221; x_wconf 85' lang='lat' dir='ltr'>tribuenda</span> <span class='ocrx_word' id='word_1_414' title='bbox 1264 3189 1336 3230; x_wconf 84' lang='lat' dir='ltr'>est3</span> <span class='ocrx_word' id='word_1_415' title='bbox 1361 3185 1471 3221; x_wconf 91' lang='lat' dir='ltr'>immo</span> <span class='ocrx_word' id='word_1_416' title='bbox 1494 3185 1598 3221; x_wconf 85' lang='lat' dir='ltr'>faber</span> <span class='ocrx_word' id='word_1_417' title='bbox 1615 3184 1823 3220; x_wconf 84' lang='lat' dir='ltr'>semunciae</span> 
     </span>
    </p>
   </div>
   <div class='ocr_carea' id='block_1_27' title="bbox 56 3241 1822 3290">
    <p class='ocr_par' dir='ltr' id='par_1_27' title="bbox 56 3241 1822 3290">
     <span class='ocr_line' id='line_1_45' title="bbox 56 3241 1822 3290; baseline -0.001 -11"><span class='ocrx_word' id='word_1_418' title='bbox 56 3246 188 3286; x_wconf 56' lang='lat' dir='ltr'>uotam</span> <span class='ocrx_word' id='word_1_419' title='bbox 206 3246 232 3279; x_wconf 78' lang='grc' dir='ltr'>ξ</span> <span class='ocrx_word' id='word_1_420' title='bbox 257 3252 324 3279; x_wconf 84' lang='lat' dir='ltr'>suo</span> <span class='ocrx_word' id='word_1_421' title='bbox 348 3241 503 3278; x_wconf 84' lang='lat' dir='ltr'>arbitrio</span> <span class='ocrx_word' id='word_1_422' title='bbox 527 3241 683 3277; x_wconf 87' lang='lat' dir='ltr'>liberius</span> <span class='ocrx_word' id='word_1_423' title='bbox 715 3242 940 3289; x_wconf 87' lang='lat' dir='ltr'>expressisse</span> <span class='ocrx_word' id='word_1_424' title='bbox 970 3243 1125 3279; x_wconf 87' lang='lat' dir='ltr'>videtur.</span> <span class='ocrx_word' id='word_1_425' title='bbox 1174 3243 1314 3290; x_wconf 84' lang='lat' dir='ltr'>Figura</span> <span class='ocrx_word' id='word_1_426' title='bbox 1347 3248 1471 3280; x_wconf 86' lang='lat' dir='ltr'>autem</span> <span class='ocrx_word' id='word_1_427' title='bbox 1503 3243 1667 3290; x_wconf 86' lang='lat' dir='ltr'>punctim</span> <span class='ocrx_word' id='word_1_428' title='bbox 1697 3242 1822 3278; x_wconf 87' lang='lat' dir='ltr'>adum-</span> 
     </span>
    </p>
   </div>
   <div class='ocr_carea' id='block_1_28' title="bbox 23 3298 1824 3406">
    <p class='ocr_par' dir='ltr' id='par_1_28' title="bbox 23 3298 1824 3406">
     <span class='ocr_line' id='line_1_46' title="bbox 35 3298 1824 3348; baseline -0.001 -11"><span class='ocrx_word' id='word_1_429' title='bbox 35 3298 179 3347; x_wconf 61' lang='lat' dir='ltr'>anta,</span> <span class='ocrx_word' id='word_1_430' title='bbox 198 3310 293 3348; x_wconf 83' lang='lat' dir='ltr'>quae</span> <span class='ocrx_word' id='word_1_431' title='bbox 309 3310 430 3347; x_wconf 73' lang='lat' dir='ltr'>prope</span> <span class='ocrx_word' id='word_1_432' title='bbox 453 3299 722 3336; x_wconf 87' lang='lat' dir='ltr'>extremitatem</span> <span class='ocrx_word' id='word_1_433' title='bbox 737 3298 933 3336; x_wconf 88' lang='lat' dir='ltr'>lamminae</span> <span class='ocrx_word' id='word_1_434' title='bbox 951 3299 1187 3347; x_wconf 87' lang='lat' dir='ltr'>conspicitur,</span> <span class='ocrx_word' id='word_1_435' title='bbox 1206 3301 1363 3337; x_wconf 88' lang='lat' dir='ltr'>ornandi</span> <span class='ocrx_word' id='word_1_436' title='bbox 1378 3313 1499 3347; x_wconf 88' lang='lat' dir='ltr'>causa,</span> <span class='ocrx_word' id='word_1_437' title='bbox 1525 3313 1599 3336; x_wconf 91' lang='lat' dir='ltr'>non</span> <span class='ocrx_word' id='word_1_438' title='bbox 1616 3300 1662 3336; x_wconf 90' lang='lat' dir='ltr'>ad</span> <span class='ocrx_word' id='word_1_439' title='bbox 1680 3299 1824 3346; x_wconf 90' lang='lat' dir='ltr'>pondus</span> 
     </span>
     <span class='ocr_line' id='line_1_47' title="bbox 23 3354 1823 3406; baseline -0.001 -12"><span class='ocrx_word' id='word_1_440' title='bbox 23 3362 31 3394; x_wconf 57' lang='grc' dir='ltr'><em>Β</em></span> <span class='ocrx_word' id='word_1_441' title='bbox 53 3354 177 3397; x_wconf 60' lang='lat' dir='ltr'>uuum</span> <span class='ocrx_word' id='word_1_442' title='bbox 204 3356 420 3404; x_wconf 83' lang='lat' dir='ltr'>notandum,</span> <span class='ocrx_word' id='word_1_443' title='bbox 452 3357 620 3406; x_wconf 86' lang='lat' dir='ltr'>adposita</span> <span class='ocrx_word' id='word_1_444' title='bbox 652 3368 732 3394; x_wconf 89' lang='lat' dir='ltr'>esse</span> <span class='ocrx_word' id='word_1_445' title='bbox 762 3357 910 3394; x_wconf 87' lang='lat' dir='ltr'>videtur</span> <span class='ocrx_word' id='word_1_446' title='bbox 942 3360 1037 3402; x_wconf 86' lang='lat' dir='ltr'>(nam</span> <span class='ocrx_word' id='word_1_447' title='bbox 1066 3357 1169 3394; x_wconf 88' lang='lat' dir='ltr'>nulla</span> <span class='ocrx_word' id='word_1_448' title='bbox 1198 3358 1358 3395; x_wconf 88' lang='lat' dir='ltr'>incisura</span> <span class='ocrx_word' id='word_1_449' title='bbox 1382 3359 1422 3395; x_wconf 90' lang='lat' dir='ltr'>in</span> <span class='ocrx_word' id='word_1_450' title='bbox 1446 3358 1634 3406; x_wconf 90' lang='lat' dir='ltr'>superiore</span> <span class='ocrx_word' id='word_1_451' title='bbox 1659 3357 1823 3404; x_wconf 83' lang='lat' dir='ltr'>margine</span> 
     </span>
    </p>
   </div>
   <div class='ocr_carea' id='block_1_29' title="bbox 9 3402 1821 3464">
    <p class='ocr_par' dir='ltr' id='par_1_29' title="bbox 9 3402 1821 3464">
     <span class='ocr_line' id='line_1_48' title="bbox 9 3402 1821 3464; baseline -0.002 -10"><span class='ocrx_word' id='word_1_452' title='bbox 9 3402 25 3455; x_wconf 71' lang='lat'>·{</span> <span class='ocrx_word' id='word_1_453' title='bbox 56 3415 188 3461; x_wconf 53' lang='lat' dir='ltr'>mint,</span> <span class='ocrx_word' id='word_1_454' title='bbox 210 3426 332 3463; x_wconf 85' lang='lat' dir='ltr'>neque</span> <span class='ocrx_word' id='word_1_455' title='bbox 348 3414 526 3452; x_wconf 88' lang='lat' dir='ltr'>credibile</span> <span class='ocrx_word' id='word_1_456' title='bbox 545 3419 601 3451; x_wconf 90' lang='lat' dir='ltr'>est</span> <span class='ocrx_word' id='word_1_457' title='bbox 623 3415 751 3452; x_wconf 91' lang='lat' dir='ltr'>eodem</span> <span class='ocrx_word' id='word_1_458' title='bbox 776 3415 1036 3462; x_wconf 89' lang='lat' dir='ltr'>aequipondio,</span> <span class='ocrx_word' id='word_1_459' title='bbox 1063 3427 1135 3463; x_wconf 93' lang='lat' dir='ltr'>quo</span> <span class='ocrx_word' id='word_1_460' title='bbox 1151 3415 1300 3453; x_wconf 91' lang='lat' dir='ltr'>XXXX</span> <span class='ocrx_word' id='word_1_461' title='bbox 1324 3416 1440 3454; x_wconf 86' lang='lat' dir='ltr'>librae</span> <span class='ocrx_word' id='word_1_462' title='bbox 1458 3416 1616 3464; x_wconf 86' lang='lat' dir='ltr'>appendi</span> <span class='ocrx_word' id='word_1_463' title='bbox 1640 3420 1821 3462; x_wconf 85' lang='lat' dir='ltr'>poterant,</span> 
     </span>
    </p>
   </div>
   <div class='ocr_carea' id='block_1_30' title="bbox 18 3471 1257 3521">
    <p class='ocr_par' dir='ltr' id='par_1_30' title="bbox 18 3471 1257 3521">
     <span class='ocr_line' id='line_1_49' title="bbox 18 3471 1257 3521; baseline 0.001 -12"><span class='ocrx_word' id='word_1_464' title='bbox 18 3515 19 3518; x_wconf 11' lang='grc' dir='ltr'><strong>Ἴ</strong></span> <span class='ocrx_word' id='word_1_465' title='bbox 53 3471 170 3516; x_wconf 69' lang='lat' dir='ltr'>etiam</span> <span class='ocrx_word' id='word_1_466' title='bbox 189 3472 350 3511; x_wconf 87' lang='lat' dir='ltr'>minores</span> <span class='ocrx_word' id='word_1_467' title='bbox 374 3473 561 3510; x_wconf 82' lang='lat' dir='ltr'>semuncia</span> <span class='ocrx_word' id='word_1_468' title='bbox 584 3472 784 3520; x_wconf 85' lang='lat' dir='ltr'>particulas</span> <span class='ocrx_word' id='word_1_469' title='bbox 808 3472 925 3510; x_wconf 87' lang='lat' dir='ltr'>librae</span> <span class='ocrx_word' id='word_1_470' title='bbox 950 3484 1132 3521; x_wconf 83' lang='lat' dir='ltr'>appensas</span> <span class='ocrx_word' id='word_1_471' title='bbox 1157 3476 1257 3518; x_wconf 88' lang='lat' dir='ltr'>esse).</span> 
     </span>
    </p>
   </div>
  </div>
 </body>
</html>
