2216 3796
418 354 516 401 488
934 364 1303 398 INSTRVMENTVM
1338 363 1636 397 DOMESTICVM

417 488 498 533 261
527 494 544 530 1
590 489 690 530 Ilici.
1275 501 1301 527 Α
1574 489 1708 527 Ibarra
1736 487 1857 527 misit.
1909 489 1970 527 Of.
1994 489 2104 528 6256
2125 497 2151 528 1.
2182 515 2185 520 «

416 689 438 725 2
481 685 580 725 Ilici.
1238 655 1339 733 λορὶλ
2074 717 2084 728 0
2111 718 2120 728 ·
2190 703 2192 706 .

1239 731 1298 778 cg:
1323 732 1334 758 1
1868 719 2004 758 Ibam
2030 723 2153 758 misit.

417 884 438 920 3
481 881 581 920 Ilici.
1228 893 1336 921 CAso
1869 881 2005 920 Ibat-ra
2033 879 2154 920 misit.
2194 900 2197 902 ·

416 1023 438 1058 4
493 1021 733 1072 Villafranca
762 1021 806 1058 de
835 1020 892 1059 los
921 1022 1079 1060 Barros.

1261 1114 1315 1141 GA

414 1218 503 1257 Fita
533 1219 601 1257 bol.
635 1219 678 1256 de
708 1219 747 1256 la
777 1217 897 1257 Acad.
930 1219 1047 1257 XXV
1081 1220 1188 1257 1894
1220 1232 1257 1268 p.
1284 1220 1348 1269 57,
1375 1219 1440 1256 23.

419 1336 440 1372 5
484 1334 582 1372 Ilici.

1198 1403 1222 1430 c
1244 1403 1284 1430 ιν
1305 1403 1392 1430 MAR

412 1497 547 1534 Ibarra
577 1495 697 1534 misit.
763 1495 803 1533 O.
836 1491 962 1548 Iunii)
995 1490 1239 1548 Mar(ceW)?

417 1613 439 1649 6
483 1612 641 1650 Palmae
682 1611 726 1650 in
766 1612 899 1651 insula
940 1611 1097 1650 Baleari
1139 1610 1306 1663 maiore,
1354 1611 1396 1650 in
1437 1625 1573 1650 museo
1609 1610 1811 1650 societatis
1840 1609 2158 1661 archaeologieae
2209 1622 2216 1651 ξ

470 1681 688 1720 Lullianae.

1143 1762 1164 1788 L
1194 1761 1295 1789 MAD!
1312 1779 1321 1789 .
1337 1780 1346 1790 .
1364 1779 1374 1790 .
1403 1762 1428 1790 c

414 1877 501 1915 Bol.
535 1877 578 1914 de
608 1878 645 1916 la
675 1878 859 1916 Sociedad
886 1877 1145 1929 arqueoloqz'ea
1174 1877 1339 1917 Luliana
1367 1879 1424 1917 VI
1459 1878 1565 1916 1896
1596 1891 1634 1928 p.
1659 1878 1753 1917 228.

417 1997 436 2032 7
479 1993 568 2032 Ilici

1263 2063 1336 2089 va

411 2169 546 2206 Ibarra
575 2166 695 2206 misit.
758 2168 818 2206 Cf.
854 2169 962 2206 4969
985 2174 1019 2203 32
1048 2166 1202 2217 Lupati.

905 2367 948 2404 C.
996 2365 1248 2404 VASCVLA
1277 2366 1451 2404 VARIA
1479 2378 1517 2415 p.
1546 2365 1666 2403 1014.

525 2469 707 2508 Ilicitana
736 2471 834 2508 haec
864 2474 904 2508 et
935 2468 1157 2519 Saguntina
1193 2468 1407 2508 maximam
1443 2472 1594 2520 partem
1624 2481 1712 2507 eam
1746 2468 1894 2506 habent
1930 2465 2155 2518 utilitatem,

412 2543 457 2577 ut
487 2544 658 2588 augeant
687 2552 896 2578 numerum
916 2539 1167 2577 vasculorum
1187 2551 1334 2590 eorum,
1368 2552 1468 2587 quae
1497 2551 1568 2588 per
1594 2536 1740 2588 oppida
1759 2535 1981 2587 Hispaniae
2008 2535 2160 2574 maiora

412 2609 495 2646 fere
526 2608 661 2647 omnia
690 2607 947 2658 aequabiliter
976 2607 1020 2646 in
1048 2620 1126 2646 usu
1155 2607 1280 2647 fuisse
1311 2612 1483 2658 apparet.
1546 2605 1675 2646 Omisi
1710 2605 1877 2657 incerta,
1919 2617 2159 2654 quamquam

411 2677 482 2715 illa
520 2691 676 2727 quoque
717 2677 1008 2715 accuratissime
1044 2678 1178 2715 Ibarra
1222 2675 1445 2715 delineavit.
1522 2676 1727 2717 Quaedam
1770 2673 1926 2726 putavit
1967 2673 2159 2724 inscripta

413 2760 498 2785 esse
532 2746 677 2785 litteris
712 2746 896 2796 Ibericis;
944 2759 1026 2784 non
1061 2749 1167 2784 rect-e
1205 2749 1316 2796 puto.
1388 2746 1466 2784 Sed
1501 2740 1690 2783 obscurae
1727 2747 1821 2782 sunt
1856 2741 2158 2793 significationis

411 2829 485 2854 nec
523 2815 629 2866 typis
669 2820 758 2866 apte
792 2819 963 2866 possunt
996 2814 1293 2865 repraesentari.
1355 2814 1574 2864 Saguntina
1611 2814 1798 2864 pleraque
1828 2810 2038 2851 convenire
2068 2824 2159 2849 cum

411 2884 774 2923 Tarraconensibus
805 2888 1116 2923 consentaneum
1147 2888 1218 2923 est.
1278 2882 1439 2934 Hispali
1473 2896 1598 2934 pauca
1637 2882 1829 2932 quaedam
1865 2881 1970 2932 apud
1997 2879 2157 2919 Arizam

413 2954 625 3005 descripsit
653 2955 855 2993 Arthurus
885 2954 1024 3003 Engel.

413 3071 522 3108 4970
545 3079 592 3109 θα
623 3069 801 3119 Sagunti.
860 3069 1032 3107 Chabret
1061 3067 1181 3107 misit.

526 3152 562 3179 26
592 3139 692 3177 Ilici.
753 3140 888 3177 Ibarra
918 3137 1039 3177 misit.
1844 3162 1850 3168 ·

527 3221 561 3248 38
595 3207 737 3246 cabaza
767 3207 827 3246 del
857 3207 1003 3258 G'rieqo.
1055 3207 1143 3245 Fita
1172 3205 1242 3245 bol.
1274 3206 1318 3243 de
1348 3206 1387 3244 la
1415 3204 1536 3243 Acad.
1569 3205 1668 3243 XXI
1703 3204 1811 3242 1892
1842 3215 1880 3253 p.
1909 3203 1999 3241 142.

526 3290 561 3316 43
592 3276 690 3315 Ilici.
742 3277 876 3315 Ibarra
905 3276 1025 3314 misit.

527 3358 559 3384 51
593 3344 789 3398 (exempla
819 3342 910 3397 duo)
943 3344 1043 3383 Ilici.
1093 3345 1226 3385 Ibarra
1255 3343 1375 3382 misit.
1429 3344 1477 3381 51
1500 3356 1518 3380 e
1547 3340 1726 3392 Sagunti.
1778 3339 1949 3379 Chabret
1976 3339 2097 3379 misit.
2122 3365 2132 3379 χ
2213 3358 2216 3391 3

527 3428 561 3453 60
592 3414 693 3452 Ilici.
745 3414 878 3451 Ibarra
909 3412 1029 3451 misit.

527 3495 562 3521 63
596 3481 735 3520 Cabeza
764 3483 824 3520 del
853 3481 998 3532 Grieqo.
1052 3481 1141 3520 Fita
1172 3482 1239 3520 hol.
1273 3482 1316 3520 de
1345 3481 1383 3519 la
1413 3479 1533 3518 Acad.
1569 3479 1668 3517 XXI
1702 3479 1806 3517 1892
1839 3491 1877 3527 p.
1907 3479 1998 3516 142.
