2216 3796
418 333 516 380 448
1024 346 1408 379 TARaAcoNENffls

414 471 565 510 addidit
600 470 698 519 felix
741 470 916 509 Tarraco.
1003 469 1204 509 Vernaclus
1238 471 1389 510 nuntius
1424 469 1545 508 maior
1583 469 1669 520 ipse
1711 470 1921 509 cacabulus
1960 469 2044 509 sive
2081 469 2164 508 tin-

414 541 666 579 tinnabulum
708 539 788 578 dici
826 539 1098 578 Hirschfeldio
1138 539 1363 592 videbatur,
1413 540 1559 590 quippe
1605 553 1683 588 quo
1728 539 1771 577 in
1811 539 1932 578 sacris
1968 539 2164 589 Augustis

415 609 624 648 sollemnia
653 608 892 661 indicentur,
926 608 1001 648 etsi
1030 610 1136 647 hunc
1168 610 1400 648 cacabulum
1420 622 1502 646 non
1532 608 1663 659 ipsum
1688 607 1781 646 usui
1810 608 2062 661 destinatum,
2094 609 2165 647 sed

413 678 589 716 votivum
633 677 758 716 fuisse
800 682 961 728 propter
1002 677 1166 727 exiguas
1202 678 1289 716 eius
1324 691 1530 716 mensuras
1568 677 1652 717 veri
1690 677 1820 716 simile
1859 677 1923 717 sit.
1991 677 2165 716 Seoulum

414 749 545 785 bonum
583 744 760 799 ⁸(enatui)
797 743 1072 799 p(0pulo)q(ue)
1114 744 1314 799 R(0man0)
1365 746 1613 796 imperatoris
1657 745 1861 785 mentione
1906 759 1988 785 non
2029 745 2165 785 habita

415 820 549 866 optare
588 817 771 868 putabat,
811 815 854 854 id
889 817 995 865 quod
1036 817 1191 854 saeculo
1233 817 1360 866 primo
1405 814 1615 866 incipienti
1659 815 1785 865 magis
1829 828 1948 865 quam
1989 816 2164 854 secundo
2215 850 2216 864 ἢ

413 884 576 923 exeunti
597 884 835 937 conveniret,
864 898 937 922 nec
967 884 1186 923 litterarum
1213 886 1374 936 formae,
1399 888 1591 934 quantum
1613 898 1661 922 ex
1683 889 1824 935 ectypo
1854 883 2165 935 photographico

414 954 580 992 iudicari
617 953 762 1006 possit,
804 955 852 992 ab
882 954 951 992 illa
988 958 1114 992 aetate
1153 955 1361 992 abhorrere
1401 954 1439 991 ei
1473 954 1721 992 videbantur.
1782 955 1916 1003 Atque
1951 953 2001 992 de
2039 958 2166 992 aetate

415 1023 636 1062 litterarum
677 1036 824 1073 anceps
861 1022 1057 1062 iudicium
1099 1036 1185 1061 esse
1225 1037 1354 1072 neque
1393 1023 1550 1061 obstare
1590 1023 1710 1061 aetati
1751 1021 1968 1072 antiquiori
2006 1023 2166 1061 seculum

415 1091 563 1130 rustice
594 1092 787 1142 scriptum
815 1106 888 1142 pro
919 1093 1089 1144 saeculo,
1122 1093 1295 1131 concedo
1325 1092 1507 1131 libenter.
1569 1093 1648 1130 Sed
1679 1096 1799 1131 restat
1829 1090 2037 1145 dubitatio,
2069 1105 2166 1132 num

414 1161 499 1212 ipse
530 1161 741 1199 cacabulus
772 1161 902 1200 dicere
933 1175 975 1200 se
1003 1161 1177 1212 potuerit
1196 1162 1424 1200 vernaclum
1453 1161 1640 1200 nuntium
1669 1161 1872 1201 maiorem.
1917 1161 2166 1201 Vocabulum

416 1237 450 1269 et
478 1234 569 1268 ante
593 1231 736 1281 populo
767 1231 815 1268 ab
847 1244 910 1282 eo,
954 1231 1023 1280 qui
1058 1230 1219 1268 titulum
1250 1230 1408 1282 incidit,
1450 1235 1678 1280 corruptum
1708 1234 1843 1269 censet
1871 1229 2166 1270 Hirschfeldius

419 1313 466 1337 ex
477 1297 636 1351 fel(ice),
669 1305 715 1337 ut
736 1312 851 1349 saepe
873 1300 915 1337 in
937 1299 1290 1338 acclamationibus
1320 1300 1473 1350 legatur
1496 1304 1528 1337 te
1548 1300 1649 1338 salvo
1669 1300 1766 1338 salvi
1783 1312 1908 1338 eumue
1927 1298 2163 1349 similiaque.

416 1368 704 1406 Tintinnabula
740 1367 783 1406 in
823 1367 944 1407 sacris
981 1375 1170 1419 usurpata
1205 1368 1329 1406 fuisse
1361 1382 1381 1405 e
1412 1369 1610 1407 Pseudulo
1641 1368 1826 1407 Plautina
1853 1370 1873 1408 I
1904 1370 1941 1421 3,
1974 1370 2052 1407 116
2083 1369 2168 1407 sola

418 1438 702 1486 deducebatur3
735 1437 804 1475 sed
835 1437 1123 1475 consuetudine
1154 1437 1342 1475 ecclesiae
1363 1437 1580 1476 catholicae
1600 1439 1803 1476 Romanae
1832 1437 1939 1476 idem
1967 1437 2166 1488 probatur.

416 1508 544 1544 Usum
571 1506 780 1555 antiquum
806 1507 1049 1544 demonstrat
1077 1510 1281 1556 praeterea
1307 1506 1439 1556 imago
1466 1514 1637 1545 tesserae
1667 1507 1876 1557 plumbeae
1897 1507 1942 1545 O.
1961 1506 2002 1545 Π
2021 1507 2130 1545 4963
2151 1514 2167 1541 8

417 1571 609 1627 (Delgado
630 1588 745 1613 nuovo
764 1575 906 1613 matodo
926 1576 964 1613 Π
984 1588 1020 1625 p.
1047 1577 1127 1614 340
1150 1576 1229 1613 tab.
1251 1576 1403 1613 LXXX
1426 1577 1459 1613 1.
1485 1572 1537 1628 2),
1570 1575 1684 1614 cuius
1703 1575 1909 1627 inscriptio
1930 1575 1981 1614 ad
2001 1578 2169 1614 aetatem

417 1643 563 1682 liberae
593 1645 650 1682 rei
681 1643 864 1695 publicae
894 1643 1077 1694 pertinet.
1131 1646 1248 1682 Sacra
1269 1647 1452 1694 Augusta
1472 1643 1657 1684 videntur
1678 1658 1764 1683 esse
1791 1644 2000 1684 notissima
2018 1645 2168 1683 Romae

420 1713 601 1751 divorum
622 1718 660 1751 et
679 1715 967 1765 Augustorum,
1000 1726 1101 1762 quae
1122 1714 1343 1752 Tarracone
1372 1713 1543 1751 maxime
1564 1714 1800 1764 floruerunt;
1833 1713 1940 1763 quod
1962 1713 2166 1765 vemacbus,

418 1782 443 1820 i.
477 1796 509 1820 e.
549 1795 685 1820 servus
724 1781 880 1834 templi,
921 1782 1055 1821 nuntii
1092 1782 1254 1821 maioris
1292 1782 1468 1820 officium
1507 1781 1663 1834 habuit,
1703 1783 1808 1821 inter
1843 1782 1929 1821 fani
1965 1781 2168 1821 ministros

421 1851 631 1901 collegium
668 1851 901 1890 nuntiorum
938 1851 1064 1890 fuisse
1102 1852 1236 1902 aliquo
1273 1853 1390 1890 modo
1422 1851 1582 1890 indicat.
1652 1853 1948 1903 comparandae
1983 1857 2077 1892 sunt
2105 1851 2169 1890 in-

421 1920 655 1970 scriptiones
698 1920 1059 1959 tintinnabulorum
1103 1921 1256 1970 aliquot
1301 1923 1474 1959 Graecae
1520 1925 1559 1959 et
1601 1921 1767 1960 Latinae
1812 1922 1914 1960 duae
1957 1921 2168 1972 inscriptae

420 1989 546 2028 Firmi
573 1989 796 2031 balneatoris
827 1995 866 2028 et
884 1987 1089 2043 f(eliciter)
1123 1991 1164 2029 0.
1188 1990 1285 2029 Iulio
1306 1990 1481 2029 Maximo
1510 1987 1682 2044 n(atalia)
1713 1987 1884 2044 c(entum)
1903 2012 1961 2019 —-
1985 1991 2022 2030 si
2049 1991 2167 2029 modo

420 2064 525 2096 recte
547 2059 602 2097 ita
624 2059 873 2109 explicantur
893 2059 1049 2098 litterae
1070 2059 1291 2108 singulares
1316 2072 1336 2098 F
1354 2090 1362 2098 .
1382 2089 1390 2098 .
1409 2071 1437 2097 N
1459 2080 1469 2089 ·
1488 2071 1511 2099 c
1530 2081 1588 2087 -—
1608 2060 1736 2099 editae
1756 2074 1780 2098 a
1800 2060 2003 2099 Ludovico
2022 2060 2170 2098 Bruzza

421 2133 629 2167 comment.
661 2130 845 2167 Momms.
877 2142 915 2180 p.
942 2131 1021 2167 555
1040 2142 1090 2167 ss.
1151 2126 1282 2167 Aliter
1313 2128 1438 2167 sensit
1466 2129 1678 2182 Berlanga,
1719 2129 1789 2178 qui
1818 2142 1908 2168 cum
1938 2128 1991 2168 sit
2018 2127 2169 2180 patriae

418 2197 580 2247 linguae
612 2198 777 2248 eiusque
807 2198 997 2237 historiae
1027 2198 1304 2250 peritissimus,
1336 2199 1552 2248 praefracte
1583 2203 1702 2248 negat
1732 2200 1839 2248 quod
1865 2210 1938 2248 ego
1957 2198 2171 2237 Toblerum

422 2272 581 2305 secutus
612 2267 763 2306 credidi
793 2268 1004 2307 cacabulus
1034 2268 1271 2306 vocabulum
1312 2280 1402 2305 cum
1439 2266 1606 2306 oasa-abel
1634 2267 1816 2319 Hispano
1852 2268 2171 2318 componendum

422 2349 519 2375 esse.
581 2338 782 2376 Cacabum
812 2337 935 2386 igitur
969 2341 1082 2388 putat
1117 2337 1260 2388 fuisse,
1301 2337 1371 2386 qui
1406 2342 1532 2376 aetate
1570 2338 1731 2376 demum
1765 2338 1983 2376 recentiore
2018 2337 2061 2376 in
2090 2336 2171 2375 tin—

421 2406 676 2444 tinnabulum
706 2406 787 2444 sive
819 2419 1049 2457 campanam
1075 2410 1250 2444 mutatus
1280 2406 1342 2458 sit,
1377 2420 1467 2444 cum
1495 2407 1726 2457 praesertim
1756 2407 1859 2446 ferro
1886 2406 1948 2446 uti
1975 2405 2020 2445 in
2049 2406 2171 2445 sacris

422 2488 504 2513 non
533 2474 709 2525 licuerit3
742 2475 777 2513 si
807 2477 924 2514 modo
955 2477 1049 2528 hoc,
1088 2477 1195 2525 quod
1231 2489 1278 2514 ex
1317 2475 1437 2514 sacris
1467 2475 1675 2515 Arvalium
1709 2475 1912 2528 novimus,
1951 2476 2003 2515 ad
2037 2474 2172 2514 omnia

2197 293 2202 313 -.
2180 224 2202 235 -.
2167 0 2202 213 :we-*³³

422 2546 570 2595 templa
599 2545 765 2583 valebat.
818 2546 986 2584 Valebat
1006 2549 1139 2584 autem
1159 2545 1244 2583 sine
1266 2545 1388 2584 dubio
1409 2549 1565 2584 tantum
1586 2548 1636 2585 ad
1663 2559 1774 2585 sacra
1793 2545 1862 2584 illa
1881 2544 2169 2595 antiquissima.
2191 2540 2195 2544 ’

434 2613 635 2652 Vernaclus
664 2628 745 2652 non
776 2615 1058 2665 appellativum
1090 2614 1290 2653 existimat
1310 2628 1396 2653 esse
1418 2616 1488 2654 sed
1513 2628 1658 2654 nomen
1685 2614 1768 2654 sive
1793 2614 1897 2654 servi
1926 2614 2010 2654 sive
2038 2613 2173 2652 liberti

423 2682 557 2720 nuntii
586 2683 758 2735 maioris,
792 2688 830 2721 et
860 2685 1024 2722 verbum
1055 2683 1261 2735 excidisse,
1295 2697 1372 2733 quo
1405 2685 1593 2722 cacabum
1614 2685 1661 2722 ab
1682 2684 1752 2723 illo
1774 2685 1909 2722 datum
1931 2683 1995 2721 vel
2023 2684 2171 2722 factum

425 2765 510 2790 esse
540 2752 792 2791 indicaretur.
844 2752 1125 2791 Dubitationes
1151 2753 1242 2791 illas
1262 2753 1338 2791 viri
1358 2753 1580 2792 acutissimi
1608 2752 1734 2792 iustas
1754 2765 1840 2792 esse
1860 2765 1942 2791 non
1962 2751 2170 2802 credimus,

425 2822 495 2859 sed
534 2821 836 2872 inscriptionem
874 2835 995 2860 sensu
1032 2836 1113 2860 non
1152 2836 1281 2860 carere
1326 2827 1365 2861 et
1404 2822 1719 2861 tintinnabulum
1757 2821 1978 2871 antiquitus
2015 2820 2058 2859 in
2095 2833 2172 2859 usu

425 2890 549 2928 fuisse
580 2892 736 2929 credere
765 2891 978 2941 pergimus.
1030 2893 1172 2941 Neque
1192 2905 1285 2930 vero
1309 2893 1465 2930 obstare
1495 2898 1681 2942 putamus
1709 2891 1918 2930 modulum
1943 2890 2041 2942 eius,
2073 2902 2172 2939 quo-

425 2959 558 2998 minus
587 2960 719 3010 ipsum
750 2961 962 3009 aliquando
992 2960 1035 2998 in
1066 2960 1186 3000 sacris
1214 2965 1449 3011 usurpatum
1480 2974 1564 3000 esse
1594 2965 1825 3000 statuamus.

430 3186 517 3231 199
556 3192 788 3243 Tarracone,
831 3192 990 3230 extabat
1019 3195 1123 3229 tecta
1160 3191 1203 3229 in
1234 3195 1347 3241 poste
1377 3191 1522 3229 ianuae
1552 3189 1742 3229 ecclesiae
1779 3189 2032 3242 cathedralis,
2072 3203 2172 3239 quae

487 3259 630 3298 dicitur
659 3265 773 3326 porta
804 3262 841 3299 S.
865 3261 1049 3312 Theclae,
1090 3262 1197 3298 unde
1236 3261 1341 3299 latus
1379 3262 1562 3299 dextrum
1592 3273 1640 3298 ex
1669 3263 1780 3310 parte
1808 3258 2064 3298 imminutum
2094 3262 2170 3308 est;

485 3329 579 3367 inde
607 3328 710 3367 inter
738 3329 986 3368 instaurandi
1007 3343 1107 3380 opus
1136 3329 1180 3367 in
1209 3329 1339 3367 lucem
1365 3330 1496 3368 denuo
1525 3332 1722 3385 protracta
1743 3331 1802 3366 est
1830 3326 1936 3366 basis
1956 3340 2174 3367 marmorea

487 3397 566 3436 alta
594 3411 645 3436 m.
681 3399 796 3451 0.75‚
826 3399 907 3437 lata
939 3399 1051 3450 0.42‚
1083 3397 1229 3438 litteris
1259 3411 1360 3437 saec.
1381 3399 1420 3437 II
1449 3398 1632 3438 exeuntis
1660 3397 1723 3435 vel
1750 3398 1809 3435 HI
1836 3396 2014 3436 ineuntis
2041 3395 2170 3448 bonis,

488 3465 578 3505 altis
607 3480 629 3504 a
658 3480 710 3506 m.
745 3469 840 3506 0.06
873 3468 924 3506 ad
955 3469 1063 3506 0.03.
