2216 3796
414 364 507 412 226
1227 379 1358 412 ACTA

411 494 476 539 54,
501 493 547 530 18
565 492 614 542 1).
672 493 883 532 Uberrima
918 493 1015 531 haec
1045 500 1382 532 monumentorum
1421 495 1733 545 relationumque
1763 495 1879 546 copia
1908 507 1996 534 cum
2025 478 2186 549 quippei-

408 567 506 598 teret
536 573 658 610 eaque
689 567 730 599 ut
759 566 968 611 augeretur
998 561 1065 599 vix
1095 561 1341 600 crederemus
1372 562 1455 600 fieri
1485 574 1618 612 posse,
1654 563 1912 602 nihilominus
1941 556 2183 608 faventibus}

408 628 488 676 dis,
525 629 659 678 quibus
690 635 826 679 septem
854 629 1034 680 placuere
1063 630 1195 677 colles,
1233 630 1342 668 hisce
1371 629 1510 669 diebus
1548 631 1730 681 apparuit
1764 631 1879 670 nobis
1910 630 2019 671 beata
2046 627 2164 689 pleno

407 695 526 745 Copia
557 709 671 735 cornu
699 697 939 736 resuscitans
960 704 1133 736 actorum
1154 698 1327 745 illorum,
1358 711 1522 749 quorum
1544 705 1662 737 antea
1690 699 1878 749 reliquias
1898 699 2066 750 exiguas
2094 699 2165 737 ha·
2188 699 2196 747 'j

404 764 606 811 bebamus,
638 770 787 814 partem
819 777 896 804 non
923 766 1081 804 brevem
1113 772 1152 804 et
1180 766 1447 815 conspicuam.
1494 767 1596 804 Acta
1625 767 1722 804 haec
1751 779 1840 806 cum
1860 779 1921 806 me
1940 765 2055 830 eder?
2081 766 2164 807 ius-

404 831 524 870 sisset
544 833 745 871 academia
773 834 883 885 regia
902 833 1085 872 Romana
1104 833 1363 885 Lynceorum,
1394 835 1580 873 mandato
1610 841 1653 872 ut
1679 833 2079 878 honorificentissimo
2106 833 2163 873 ita

402 900 639 949 gravissimo
677 908 718 939 ut
752 901 870 939 debui
906 902 1144 951 posthabitis
1180 903 1349 953 negotiis
1384 903 1474 940 aliis
1510 903 1690 940 omnibus
1726 902 1836 941 illico
1871 902 2159 954 obtemperavi;
2190 920 2209 958 fl

403 967 473 1004 sed
502 980 587 1006 cum
621 969 735 1006 amici
765 969 938 1007 Romani
973 971 1223 1008 nuntiassent
1260 970 1377 1008 simul
1413 970 1620 1009 eruderata
1655 981 1743 1008 esse
1779 974 1868 1008 acta
1895 969 2159 1009 saecularium

400 1036 685 1074 celebratorum
722 1037 939 1088 imperante
971 1037 1118 1077 Severo
1149 1051 1182 1076 a.
1214 1051 1252 1088 p.
1275 1037 1369 1076 Chr.
1393 1037 1490 1087 204,
1526 1037 1846 1076 commentarium
1881 1035 2166 1089 publicoiproe

400 1104 493 1152 poni
529 1117 604 1142 non
641 1105 775 1143 debuit
811 1112 900 1143 ante
938 1106 1164 1144 examinata
1199 1111 1287 1144 acta
1317 1104 1544 1145 Severiana.
1601 1106 1684 1143 Iam
1720 1110 1934 1156 postquam
1966 1099 2214 1151 insede-⁸

400 1172 548 1221 scripta
577 1173 721 1222 accepi,
753 1174 977 1211 mandatum
1009 1174 1166 1224 perfeci.
1211 1174 1327 1212 Hanc
1357 1179 1485 1212 autem
1517 1174 1613 1212 mihi
1641 1174 1768 1224 legem
1795 1172 1835 1212 in
1855 1172 2085 1231 exequendo
2110 1185 2158 1211 eo
2183 1167 2201 1226 (ᾗ

398 1240 528 1288 posui,
562 1245 603 1278 ut
632 1242 671 1278 in
703 1241 752 1279 iis
774 1254 835 1279 me
856 1242 1093 1280 continerem
1126 1254 1225 1291 quae
1254 1254 1316 1280 res
1346 1241 1581 1291 requirebat,
1612 1241 1763 1280 scilicet
1782 1241 1876 1279 nota
1895 1245 2026 1289 antea,
2054 1253 2156 1292 quae

397 1319 469 1356 pro
504 1320 547 1346 re
583 1314 674 1346 sunt
708 1309 919 1347 admodum
957 1310 1097 1355 multa,
1135 1310 1174 1347 in
1212 1310 1310 1348 actis
1346 1310 1410 1347 his
1444 1309 1647 1347 redeuntia
1679 1309 1850 1353 breviter
1877 1294 2154 1361 εἰέηἱῇοαηειιι,

396 1387 499 1413 nova
526 1388 628 1426 quae
659 1377 848 1415 accedunt
878 1383 1063 1427 quantum
1100 1378 1140 1414 in
1178 1390 1236 1414 me
1271 1378 1344 1415 fuit
1378 1377 1633 1427 explicarem,
1671 1389 1770 1426 quae
1801 1381 1845 1415 ut
1875 1377 2155 1428 interpretarer
2182 1368 2211 1422 ³,

395 1443 492 1481 mihi
522 1457 601 1482 non
631 1444 821 1483 successit
849 1444 1018 1496 ingenue
1046 1445 1264 1495 profiterer,
1295 1446 1544 1495 quaestiones
1574 1445 1622 1482 ad
1653 1444 1915 1483 saecularium
1945 1444 2154 1484 sollemnia
2181 1454 2211 1483 ,Α

393 1514 647 1561 pertinentes,
679 1513 747 1550 sed
778 1512 875 1550 actis
906 1513 967 1550 his
996 1513 1186 1551 redivivis
1216 1526 1293 1550 non
1324 1512 1540 1550 elucidatas
1572 1513 1620 1551 ab
1650 1513 1726 1551 hoc
1754 1525 1842 1552 meo
1871 1512 2152 1552 commentario

392 1580 530 1629 procul
560 1580 757 1626 haberem,
778 1580 955 1630 >denique
984 1581 1025 1618 id
1054 1593 1225 1631 agerem,
1256 1587 1298 1619 ut
1326 1581 1415 1630 ipsa
1443 1586 1698 1619 monumenta
1716 1592 1831 1630 quam
1853 1580 2054 1631 celerrime
2082 1593 2153 1633 pu·
2178 1569 2203 1622 ,s

392 1647 494 1684 blice
523 1648 742 1685 ederentur.
785 1647 891 1685 Nam
921 1660 1158 1698 quamquam
1189 1654 1482 1687 monumentum
1513 1649 1669 1698 insigne
1698 1649 1847 1699 optimo
1866 1648 2035 1688 consilio
2063 1648 2178 1699 acas

393 1714 522 1752 demia
557 1716 684 1753 noluit
715 1715 908 1765 publicari
943 1716 999 1753 ita
1035 1716 1179 1753 nudum
1215 1723 1253 1753 et
1282 1716 1473 1764 deforme,
1511 1722 1554 1754 ut
1588 1716 1695 1754 urbis
1725 1722 1909 1759 aeternae
1943 1717 2073 1755 solum
2108 1717 2151 1756 id

390 1782 504 1820 nobis
535 1783 717 1829 restituit,
751 1796 880 1821 rerum
912 1783 1180 1830 Romanarum
1211 1785 1351 1821 notitia
1379 1797 1457 1822 non
1488 1785 1585 1823 meis
1617 1783 1920 1832 commentariis,
1951 1783 2021 1822 sed
2047 1784 2148 1834 ipsis
2174 1764 2209 1844 ’,ξ

391 1851 555 1888 vetustis
590 1851 770 1901 reliquiis
802 1851 1020 1901 augebitur,
1056 1852 1202 1902 quique
1237 1853 1386 1902 primus
1416 1852 1512 1894 talia
1540 1852 1620 1890 edit
1648 1865 1736 1890 cum
1766 1851 2051 1904 posterioribus
2080 1864 2171 1891 ne·
2169 1875 2170 1878 =

390 1919 564 1957 cessario
594 1919 717 1956 multa
746 1919 942 1969 relinquat
970 1918 1168 1966 addenda,
1203 1920 1392 1969 quaedam
1424 1919 1539 1958 etiam
1569 1919 1831 1968 emendanda,
1865 1920 1984 1972 longe
2011 1919 2205 1971 utilium„

389 1991 451 2023 est
479 1991 634 2035 reperta
664 1988 742 2025 cito
772 1987 938 2037 proferri
968 1999 1085 2036 quam
1116 1988 1156 2025 in
1185 1988 1508 2038 interpretatione
1537 1988 1725 2038 pauciora
1753 1987 1997 2027 desiderari:
2180 1985 2199 2034 J

498 2054 601 2092 Acta
629 2066 728 2104 quae
759 2061 971 2105 supersunt
1001 2056 1086 2093 sive
1115 2056 1448 2106 [comme]ntarium
1477 2055 1669 2105 [ludorum
1697 2050 2016 2106 saeqularsiuM
2045 2067 2146 2108 quae
2171 2053 2205 2098 ζὲ.

388 2127 449 2159 est
482 2122 739 2172 praescriptio
776 2128 949 2160 actorum
981 2122 1303 2173 Severianorum,
1339 2130 1499 2162 senatus
1535 2124 1749 2163 secundum
1785 2124 2009 2163 consultum
2043 2121 2202 2178 ipsias

385 2190 579 2228 insertum
612 2203 646 2227 v.
670 2190 842 2229 59-63
879 2191 1038 2230 inscribi
1074 2192 1189 2230 iussit
1224 2194 1263 2230 in
1293 2193 1501 2230 columnam
1530 2193 1706 2231 aheneum
1735 2199 1770 2230 et
1795 2192 1958 2231 alteram
1983 2203 2144 2231 marmo-
2163 2181 2192 2246 ἷ1

386 2269 489 2295 ream
518 2270 564 2296 eo
594 2258 680 2296 loco
711 2259 982 2307 collocandas,
1020 2260 1086 2297 ubi
1121 2259 1203 2297 ludi
1232 2259 1353 2298 futuri
1383 2265 1529 2308 essent,
1567 2273 1590 2298 a
1619 2273 1697 2311 quo
1724 2259 1780 2307 is,
1817 2272 1896 2310 quo
1923 2259 2153 2312 fragmenta
2174 2247 2202 2287 '.

384 2332 525 2364 nostra
554 2326 761 2364 eruderata
793 2334 902 2374 sunt,
939 2327 1060 2365 distat
1095 2339 1172 2365 non
1208 2327 1298 2378 plus
1331 2341 1380 2365 m.
1405 2327 1497 2366 500.
1555 2328 1691 2378 Itaque
1725 2328 1852 2366 frusta
1879 2327 1995 2367 nobis
2027 2328 2143 2367 resti·
2174 2326 2201 2377 [J

384 2397 470 2431 tuta
505 2394 608 2432 inter
637 2407 678 2432 se
708 2394 926 2444 composita
961 2408 1054 2432 cura
1088 2395 1319 2445 praesertim
1348 2395 1545 2434 Barnabei
1581 2396 1706 2434 nostri
1737 2407 1824 2434 cum
1859 2400 2049 2446 appareat
2081 2407 2143 2434 su·
2186 2383 2198 2423 ἶ

382 2473 545 2510 peresse
582 2475 634 2500 ex
668 2462 748 2512 pila
777 2462 971 2512 quadrata
1006 2463 1202 2500 maximae
1232 2463 1365 2511 molis,
1403 2464 1502 2502 haec
1531 2469 1593 2502 est
1627 2464 1717 2514 ipsa
1744 2462 1814 2501 illa
1844 2462 2018 2502 columna.
2041 2475 2142 2501 mar·

382 2541 526 2577 morea3
559 2530 1048 2580 eandemque‘columnam
1080 2531 1164 2568 sine
1187 2531 1304 2568 dubio
1334 2537 1607 2582 repraesentat
1634 2542 1815 2570 nummus
1844 2531 1894 2570 ad
1922 2530 2038 2570 ludos
2067 2520 2207 2596 110811,

382 2598 745 2636 commemorandos
776 2610 893 2636 cusus
924 2612 948 2636 a
978 2599 1183 2636 triumviro
1216 2599 1402 2636 monetali
1427 2598 1473 2636 L.
1495 2599 1686 2638 Mescinio
1706 2598 1825 2647 Rufo,
1854 2598 1920 2649 qui
1947 2599 2142 2651 reperitur
2178 2601 2203 2654 {¹

380 2665 484 2703 infra
512 2666 551 2703 in
582 2666 798 2716 appendice
828 2667 1051 2704 nummaria
1079 2666 1182 2704 inter
1210 2672 1363 2705 ceteros
1393 2679 1574 2705 nummos
1605 2666 1653 2704 ad
1673 2667 1790 2705 ludos
1811 2666 2030 2706 saeculares
2050 2678 2139 2722 per·

381 2733 548 2771 tinentes
585 2747 678 2772 cura
706 2732 905 2772 Dresselii
934 2734 1174 2784 compositos
1188 2733 1240 2784 2).
1302 2734 1349 2772 In
1378 2734 1449 2772 illa
1478 2734 1662 2773 columna
1689 2747 1792 2785 quae
1815 2734 2063 2799 legebantur,
2097 2734 2138 2772 in
2170 2740 2197 2785 ᾗ·

378 2801 544 2839 formam
581 2802 800 2840 breviorem
838 2801 997 2839 redacta
1034 2814 1215 2840 nummus
1250 2803 1411 2851 repetit.
1456 2813 1555 2840 ιΜΡ-
1578 2812 1758 2841 CAESAR·
1778 2812 1994 2841 AVGVS'rvs
2024 2829 2034 2841 .
2058 2829 2068 2839 .
2092 2830 2102 2840 .
2127 2830 2137 2841 .

379 2878 540 2907 Lvnos·
558 2879 804 2907 SAECVLARES
835 2869 998 2919 (FEclT).
2171 2864 2175 2871 ⁸
2200 2880 2204 2887 ’

489 2936 659 2975 Textum
696 2937 852 2975 tabulae
886 2945 1166 2976 recensuerunt
1201 2937 1454 2976 Christianus
1490 2938 1671 2977 Huelsen
1706 2942 1745 2976 et
1779 2914 1917 2977 Dante-
1941 2934 2134 2988 Vaglieri3
2174 2983 2182 2996 1

376 3004 494 3042 iidem
524 3005 686 3043 huiusce
716 3005 880 3043 alterius
911 3005 1094 3043 editionis
1126 3018 1249 3044 causa
1282 3006 1434 3056 lapides
1471 3006 1599 3045 denuo
1637 3004 1865 3056 (significati
1896 3004 1938 3044 in
1971 2998 2192 3055 adnota-§J

377 3071 482 3110 tione
510 3072 654 3111 litteris
684 3073 737 3111 H.
760 3072 829 3122 V.)
860 3072 1156 3123 diligentissime
1186 3080 1509 3124 recognoverunt.
2180 3073 2184 3090 ³

477 3184 508 3227 ¹)
543 3186 750 3228 Vergilium,
784 3186 840 3227 qui
866 3185 950 3217 obiit
982 3186 1118 3219 biennio
1145 3191 1223 3219 ante
1257 3188 1366 3219 editos
1399 3186 1497 3220 ludos
1528 3186 1609 3227 hos,
1644 3196 1714 3218 non
1738 3185 1892 3218 absimile
1917 3185 1989 3218 veri
2014 3189 2065 3218 est
2090 3185 2132 3217 de

376 3247 585 3279 celebrandis
611 3248 653 3279 iis
680 3247 878 3288 cogitavisse
904 3248 979 3280 loco
998 3248 1175 3280 notissimo
1194 3248 1283 3280 Aen.
1303 3247 1335 3288 6,
1358 3248 1445 3280 792:
1471 3246 1643 3290 Auqustus
1665 3245 1790 3279 Caesar
1807 3245 1880 3278 divi
1900 3256 2003 3290 qenue
2027 3255 2132 3278 aurea

375 3307 491 3340 condet
515 3308 661 3341 saecula.
705 3309 764 3340 Ad
789 3309 959 3340 saeculum
986 3309 1022 3340 id
1048 3309 1140 3351 quod
1164 3309 1312 3341 celebrat
1337 3309 1455 3351 egloge
1482 3312 1612 3351 quarta,
1640 3309 1724 3341 haec
1750 3307 1938 3340 saecularia
1962 3316 2030 3340 non
2054 3316 2130 3350 per:
2167 3298 2183 3349 f

374 3370 483 3402 tinent
509 3369 553 3410 (v.
579 3381 613 3412 p.
634 3370 701 3402 238
729 3373 801 3401 not.
822 3368 868 3409 1).
1166 3392 1169 3394 -
2026 3393 2028 3398 ψ
2108 3380 2173 3415 μ]

474 3429 507 3470 2)
546 3431 682 3465 Similes
713 3430 905 3463 Domitiani
938 3441 1013 3463 cum
1046 3440 1088 3463 ex
1121 3435 1262 3473 argento
1297 3435 1366 3463 tum
1401 3440 1442 3463 ex
1475 3440 1558 3463 auro
1597 3430 1724 3463 habent
1757 3429 1893 3473 cippum
1930 3421 2142 3472 inscriptum
2172 3474 2177 3476 1

374 3495 477 3522 ivn
502 3494 624 3523 sAi-:c
645 3495 741 3523 rec
774 3491 918 3533 (eohen,
944 3489 1037 3524 Med
1064 3491 1121 3525 des
1145 3502 1226 3535 emp.
1250 3492 1270 3524 1
1294 3503 1327 3534 p.
1348 3491 1431 3524 475.
1450 3491 1520 3524 476
1547 3502 1580 3524 n.
1600 3491 1699 3524 69-
1707 3490 1778 3531 ⁷5).
2159 3485 2164 3491 “
