2216 3796
373 335 399 381 2
407 336 431 381 7
439 335 465 381 2
1183 345 1312 378 ACTA

371 461 637 508 consentiunt,
674 459 868 498 eiusmodi
901 472 1088 510 pompam
1116 464 1404 511 repraesentat,
1440 472 1526 498 cum
1556 459 1701 498 habeat
1728 459 1943 510 fercula¹):
1979 459 2123 504 cedde

370 530 433 568 his
464 529 530 566 alii
559 528 797 566 iudicabunt.
819 549 872 556 —
895 527 1029 576 Pueri,
1059 540 1160 578 quos
1191 527 1330 567 deinde
1361 533 1447 567 acta
1474 527 1633 574 habent,
1662 528 1819 578 quinam
1848 526 2126 580 intellegantur

372 598 517 647 pariter
545 597 752 634 obscurum
783 602 859 634 est:
899 595 947 632 ad
977 600 1163 634 canentes
1191 596 1359 634 XXVII
1396 596 1523 634 locum
1560 595 1755 646 pertinere
1783 597 1853 634 vix
1881 594 2124 644 crediderim,

374 665 443 703 sed
472 676 551 702 non
580 664 705 714 magis
735 664 792 701 sic
823 663 1002 702 videntur
1030 669 1135 702 recte
1165 664 1377 714 significari
1407 668 1629 702 venatores.
1660 687 1710 693 —
1739 663 1924 715 Denique
1952 662 2058 716 quod
2085 663 2127 702 in

371 732 579 771 venatione
609 731 665 769 M.
687 730 867 781 Aqrippa
895 732 1106 782 quadriqas
1138 732 1287 783 [misit],
1322 745 1368 770 eo
1399 733 1524 778 ducit,
1553 738 1596 770 ut
1624 745 1660 770 v.
1685 732 1761 771 163
1790 732 1847 771 ita
1874 731 2125 784 expleamus:

373 803 600 839 venationem
629 799 818 849 dabi[mus
848 806 882 838 et
910 800 1017 838 ludos
1047 802 1228 839 circenses
1265 800 1562 850 committemus]‚
1601 812 1701 850 quae
1731 801 1963 840 circensium
1997 804 2037 839 st
2063 811 2126 838 ve-

373 868 546 907 nationis
579 867 801 906 coniunctio
837 868 1087 918 aliquatenus
1124 868 1343 906 defenditur
1372 881 1418 906 eo
1454 868 1558 919 quod
1589 867 1779 906 Claudius
1815 868 2028 920 imperator
2055 867 2129 906 cir-

374 947 511 974 censes
541 936 740 974 commisit
766 948 1045 986 nonnumquam
1073 938 1265 975 interiecta
1288 949 1361 986 per
1381 939 1515 986 quinos
1544 938 1679 974 missus
1704 938 1899 975 venatione
1911 934 1965 987 ²).
2013 932 2130 975 Simi-

373 1004 463 1042 liter
497 1004 610 1042 ludos
646 1003 902 1055 gladiatorios
940 1016 1027 1042 cum
1064 1004 1303 1042 circensibus
1345 1005 1573 1043 coniunctos
1616 1004 1835 1043 invenimus
1877 1003 1918 1042 in
1959 1002 2129 1046 scholion

375 1071 544 1122 quodam
574 1071 771 1122 colloquio
791 1071 935 1109 Latino
958 1070 1126 1120 Graeco,
1157 1072 1263 1121 quod
1291 1085 1415 1122 nuper
1441 1085 1493 1111 ex
1512 1072 1645 1110 codice
1664 1071 1882 1110 Harleiano
1901 1083 1974 1123 pro
1993 1070 2130 1113 nuntio

374 1141 586 1178 lectionum
615 1140 876 1178 aestiveorum
907 1153 942 1178 a.
965 1139 1067 1178 1892
1098 1140 1366 1178 universitatis
1387 1140 1568 1179 Ienensis
1597 1139 1720 1178 edidit
1740 1138 1938 1191 Georgius
1958 1137 2130 1182 Gooue:

375 1204 441 1245 ἐοέν
478 1202 605 1245 πάντα
639 1209 782 1252 καλῶς,
823 1203 887 1253 τὴν
922 1205 1040 1260 τρίτην
1074 1201 1208 1262 ἧμέραν
1247 1202 1396 1247 ἱππικός
1432 1207 1528 1245 ἐστιν
1571 1200 1634 1245 καὶ
1677 1203 1772 1252 μετ-οἷ
1817 1207 1942 1246 ταῦτα
1975 1202 2132 1262 ,θὲατροι

376 1275 570 1326 (=1udi)
604 1276 673 1313 τῶν
702 1268 943 1326 μονομάχων.
1016 1275 1209 1327 Pompam
1245 1288 1403 1326 quoque
1436 1275 1610 1315 fortasse
1644 1276 1701 1314 ita
1735 1275 1870 1316 licebit
1904 1274 2051 1315 referre
2079 1273 2133 1315 od

376 1346 575 1383 circenses
605 1344 738 1394 potius
768 1356 887 1394 quam
916 1343 967 1382 ad
997 1344 1254 1382 venationem.

815 1562 1117 1603 IVSTITIVM.
1175 1562 1394 1604 LVGTVS
1430 1562 1695 1604 MINVTVS.

487 1693 654 1732 Restant
682 1693 814 1743 capita
843 1692 920 1731 duo
951 1693 1175 1744 singillatim
1204 1693 1511 1744 interpretanda.

488 1760 693 1800 Ludorum
723 1760 981 1799 saecularium
1013 1761 1099 1800 dies
1128 1767 1171 1799 ut
1204 1762 1445 1812 reliquorum
1478 1761 1659 1800 ludorum
1687 1761 1850 1800 feriatos
1879 1752 2136 1801 esse'debere

379 1831 586 1880 Augustus
617 1835 749 1867 monet
777 1829 818 1866 in
849 1829 1020 1879 epistula
1047 1842 1084 1867 v.
1110 1829 1172 1867 13.
1198 1829 1265 1867 14:
1301 1829 1602 1880 [dili]9enterque
1631 1832 1864 1868 memineritis
1895 1828 2039 1880 litibuos
2061 1841 2138 1880 per

382 1910 442 1936 eos
472 1899 552 1935 dies
580 1910 655 1935 non
685 1909 763 1935 esse
785 1897 1076 1947 praestandam]
1106 1898 1346 1936 audientiam.
1396 1897 1479 1937 Res
1509 1904 1604 1936 nota
1631 1910 1682 1936 ex
1712 1896 1903 1937 Cicerone
1921 1896 2036 1936 Verr.
2058 1903 2135 1936 act.

383 1967 417 2013 1,
443 1965 505 2013 10,
529 1965 578 2003 31
612 1965 789 2014 aliisque.
838 1965 1077 2003 Abolitionis
1107 1966 1402 2004 accusationum
1431 1966 1487 2004 ita
1516 1966 1809 2014 determinatae,
1843 1970 1887 2004 ut
1913 1965 2139 2004 accusatori

380 2034 502 2071 finitis
530 2033 633 2071 ludis
662 2034 767 2071 intra
797 2033 882 2071 dies
911 2033 1071 2083 triginta
1097 2035 1301 2084 proximos
1329 2047 1438 2072 reum
1460 2039 1639 2085 repetere
1656 2034 1786 2083 liceat,
1815 2039 1906 2073 acta
1925 2031 2140 2074 Severiana

379 2114 510 2151 neque
539 2107 668 2139 tamen
698 2101 796 2139 haec
826 2102 1098 2140 meminerunt.

491 2169 675 2208 Edictum
705 2169 753 2207 de
782 2169 889 2207 luctu
919 2169 1133 2208 omittendo
1168 2183 1238 2221 per
1267 2170 1448 2208 ludorum
1479 2171 1741 2210 saecularium
1771 2170 1873 2219 dies,
1911 2169 2016 2221 quod
2051 2181 2139 2220 pro-

382 2243 598 2287 posuerunt
625 2237 781 2275 XVviri
810 2237 866 2287 (v.
891 2238 1143 2288 111—114):

592 2341 683 2380 Cum
714 2343 806 2380 bono
836 2354 935 2380 more
964 2349 998 2380 et
1026 2342 1206 2392 proind[e
1235 2342 1432 2392 c]elebrato
1453 2343 1714 2393 frequentibus
1735 2344 1942 2395 exsemplis,
1975 2342 2140 2393 quando-

586 2409 757 2460 cumq[ue
784 2410 904 2459 i]usta
933 2411 1093 2448 laetitiae
1116 2411 1290 2460 publicae
1320 2424 1457 2449 caussa
1477 2412 1576 2460 suit,
1615 2413 1620 2463 Ι
1658 2414 1776 2450 minui
1804 2412 1924 2450 luctus
1952 2417 2141 2450 matrona-

588 2477 705 2527 [r]um
728 2477 931 2527 placuerit,
961 2480 1074 2528 idque
1104 2486 1179 2517 tam
1202 2479 1435 2517 sollemnium
1454 2479 1666 2529 sacroru[m
1695 2479 1957 2529 ZJudorumque
1985 2485 2143 2528 tempore

587 2547 723 2594 referri
761 2546 766 2595 Ι
813 2546 1082 2595 diliyenterque
1118 2547 1345 2596 opservar[i]
1379 2549 1567 2596 pertinere
1602 2549 1776 2586 videatur
1811 2554 1843 2585 et
1879 2547 1934 2584 ad
1970 2546 2144 2584 honorem

588 2614 737 2650 deorum
766 2620 800 2651 et
826 2614 879 2651 ad
909 2613 1153 2662 [m]emoriam
1183 2614 1300 2652 cultus
1331 2627 1474 2661 eorum,
1514 2617 1712 2653 statuimus
1751 2615 1756 2665 Ι
1796 2614 1893 2664 offici
1919 2615 2038 2652 nostri
2066 2624 2144 2651 esse

583 2693 654 2730 per
684 2682 840 2719 edictum
870 2682 1088 2719 denuntiare
1107 2683 1275 2731 feminis,
1305 2685 1361 2719 uti
1390 2682 1528 2720 luctum
1554 2685 1737 2721 minuant.

387 2791 429 2823 ut
456 2785 584 2835 ipsum
615 2785 774 2833 indicat,
813 2786 1005 2824 sollemne
1033 2786 1119 2824 fuit.
1177 2786 1364 2825 Minuitur
1387 2787 1530 2836 populo
1561 2788 1694 2834 luctus,
1730 2786 1785 2825 ait
1814 2785 1959 2824 Festus
1987 2799 2027 2837 p.
2052 2779 2142 2833 154,

391 2854 496 2891 aedis
527 2854 773 2900 dedicatione,
805 2866 885 2891 cum
915 2866 1082 2891 censores
1114 2855 1271 2892 lustrum
1299 2856 1554 2901 condiderunt,
1586 2868 1668 2893 cum
1696 2860 1819 2893 votum
1841 2855 1993 2904 publice
2021 2865 2144 2892 susce-

383 2928 492 2971 ptum
521 2922 697 2959 solvitur:
728 2921 892 2959 solvitur
922 2927 1052 2959 autem
1082 2922 1199 2959 etiam
1229 2922 1329 2959 ludis
1361 2922 1630 2961 saecularibus
1653 2929 1785 2961 votum
1815 2922 1961 2960 factum
1989 2922 2029 2959 in
2057 2933 2146 2971 per-

387 2995 562 3039 petuum.
610 2989 758 3027 Errore
788 2989 872 3027 sine
902 2989 1019 3027 dubio
1050 2989 1259 3040 collegium
1289 2990 1455 3029 edictum
1486 2991 1695 3041 proposuit
1722 2996 1815 3041 post
1842 2989 1956 3029 ludos
1985 2994 2145 3039 coeptos

391 3057 520 3107 primo
550 3057 705 3095 demum
733 3069 867 3095 eorum
898 3057 971 3094 die.

494 3278 524 3320 ¹)
563 3280 682 3312 Edidit
713 3279 942 3322 anaglyphum
968 3280 1161 3313 Avellinius
1194 3279 1331 3314 Bullett.
1360 3281 1503 3314 archeol.
1530 3279 1657 3325 Napol.
1684 3281 1707 3313 4
1739 3279 1861 3321 (1846)
1893 3280 1960 3313 tab.
1987 3280 2021 3320 1;
2053 3279 2148 3312 dixe-

392 3345 471 3372 runt
502 3341 545 3372 de
577 3351 616 3373 eo
642 3342 781 3374 Henzen
809 3339 945 3374 Bullett.
973 3337 1053 3373 dell'
1076 3341 1158 3374 Inst.
1184 3343 1276 3375 1846
1303 3354 1335 3384 p.
1359 3342 1402 3374 89
1436 3348 1469 3375 et
1494 3344 1581 3376 Iahn
1606 3341 1760 3374 Berichte
1792 3341 1851 3374 der
1876 3340 2002 3375 saeehs.
2024 3339 2147 3373 Geeell-

392 3401 501 3443 selmft
529 3403 618 3434 1861
646 3414 679 3445 p.
701 3403 769 3435 315
797 3407 865 3434 not.
887 3403 943 3434 91.

495 3462 526 3503 2)
567 3464 708 3497 Sueton.
735 3464 854 3497 Claud.
883 3465 939 3496 21.
