2216 3796
359 343 456 390 442
1035 355 1419 390 TARRACONENSIS

998 526 1106 564 XXI.
1147 527 1271 563 ACCI
1301 539 1338 575 p.
1365 527 1459 564 952.

360 636 441 680 193
471 641 595 688 Prope
626 638 847 677 aediculam
876 639 938 678 del
966 639 1108 691 Zalavi,
1144 641 1298 679 termino
1321 641 1365 678 de
1385 641 1572 691 Effiliana
1602 638 1782 693 (G'uadioe)
1813 655 1894 692 rep.
1917 655 1951 680 a.
1978 641 2099 693 1892,

412 708 513 758 lapis
543 706 646 746 altus
676 721 727 746 m.
763 710 872 760 0.85‚
903 709 1009 747 latus
1042 711 1151 760 0.53,
1182 709 1326 748 litteris
1357 723 1456 748 saec.
1479 711 1517 748 II
1548 710 1674 748 bonis.

1108 893 1129 919 1.
1153 901 1162 910 ·
1189 893 1322 920 Flavcvs
1337 902 1346 910 ·

1137 961 1313 989 FAVSTVS
1339 970 1347 979 ·

1108 1030 1133 1056 H
1168 1039 1175 1047 .
1205 1030 1224 1057 s
1258 1039 1265 1047 .
1291 1030 1312 1056 Ε
1336 1038 1345 1047 .

354 1190 591 1228 Emmanuel
621 1191 770 1228 Gomez
800 1189 994 1228 Martinez
1024 1189 1133 1228 misit
1162 1203 1213 1228 m.
1246 1191 1341 1229 Dec.
1375 1204 1408 1229 a.
1445 1192 1551 1230 1892
1583 1191 1780 1241 depictam
1809 1194 2001 1232 acmanto.

410 1260 563 1297 Puncta
592 1258 636 1296 in
665 1260 745 1297 fine
774 1271 959 1297 versuum
989 1259 1189 1297 interdum
1218 1259 1382 1309 reperiri
1410 1264 1549 1298 notum
1581 1265 1652 1299 est.

807 1487 933 1527 XXII.
974 1490 1278 1528 CARTHAGO
1308 1490 1463 1528 NOVA
1491 1503 1528 1540 p.
1556 1490 1651 1528 952.

354 1618 392 1643 n.
427 1606 535 1642 3447
580 1605 628 1642 In
658 1603 829 1654 epistula
859 1617 881 1641 a
910 1605 1027 1642 Petro
1058 1604 1106 1642 de
1127 1605 1260 1654 Leyva
1289 1605 1339 1643 ad
1359 1603 1585 1642 Lumiarem
1615 1604 1760 1655 scripta
1788 1605 1825 1644 d.
1859 1606 1913 1644 20
1934 1617 1985 1644 m.
2007 1606 2103 1655 Dec.
2208 1542 2216 1656 i

411 1687 444 1711 a.
474 1674 579 1711 1773
613 1669 890 1725 (Morel-Fatio
911 1672 1090 1724 Rapport
1116 1686 1155 1723 p.
1181 1675 1224 1722 53
1255 1672 1361 1712 infra
1389 1686 1428 1723 p.
1453 1670 1551 1725 445)
1572 1673 1791 1712 affirmatur
1809 1673 1891 1724 legi
1909 1673 1952 1712 in
1971 1673 2104 1725 lapide
2210 1660 2216 1728 1

412 1754 435 1781 c
461 1762 470 1772 ·
494 1753 682 1781 APVLEWS
709 1737 716 1795 Ι
743 1753 978 1794 amomo,
1011 1755 1249 1791 quamquam
1272 1741 1404 1781 statim
1424 1743 1619 1792 Iosephus
1639 1742 1861 1792 Velazquez
1880 1748 2105 1783 correxerat

412 1823 436 1850 c
462 1832 470 1840 ·
496 1823 517 1849 1.
541 1831 548 1839 ·
575 1822 761 1862 FRONTO,
803 1824 894 1850 cum
922 1823 997 1849 nec
1026 1815 1174 1861 puncta
1203 1811 1336 1850 adsint
1365 1815 1404 1849 et
1433 1823 1473 1863 ε,
1505 1824 1588 1850 non
1617 1823 1655 1863 F,
1695 1817 1892 1863 appareat.
1952 1813 2102 1852 Tamen

410 1880 600 1919 erravisse
630 1881 814 1931 Leyvam‚
846 1880 1049 1919 hominem
1078 1879 1212 1919 minus
1244 1880 1458 1932 eruditum,
1490 1880 1746 1920 manifestum
1776 1885 1848 1920 est.

358 2015 443 2060 194
481 2017 719 2068 Carthagine
750 2031 853 2056 nova
883 2019 989 2069 apud
1007 2018 1307 2057 Emmanuelem
1336 2018 1532 2057 Martinez
1563 2018 1605 2056 in
1634 2017 1783 2057 vicinia
1813 2018 1946 2058 Sancti
1975 2018 2104 2058 Bochi

410 2100 532 2138 prope
562 2091 717 2137 portam
746 2087 937 2139 Murciae,
969 2087 1013 2126 in
1043 2087 1230 2126 cisterna:

983 2247 1133 2276 slcmm
1165 2248 1230 2284 Q,-
1257 2248 1278 2275 F
1305 2257 1312 2266 ·
1338 2248 1474 2275 MATER

412 2391 450 2424 et
480 2387 576 2424 haec
607 2386 729 2424 altera
758 2385 965 2436 inscriptio
996 2386 1146 2436 melior,
1180 2385 1300 2424 etiam
1329 2385 1491 2437 inedita,
1524 2399 1728 2437 perperam
1759 2386 1974 2437 descripta:

948 2558 1098 2586 SICINIA
1124 2567 1132 2575 ·
1158 2557 1183 2585 C
1209 2566 1217 2576 ·
1244 2559 1265 2585 F
1290 2568 1298 2576 ·
1323 2558 1509 2586 SECVNDA

628 2628 738 2655 FILIA
778 2627 865 2654 CVM
907 2627 1042 2655 MATRE
1082 2627 1150 2654 EST
1190 2626 1354 2655 HOSPES
1395 2627 1458 2655 SEI
1497 2626 1625 2654 FORTE
1665 2627 1850 2664 REQnms

625 2697 732 2725 HEIC
778 2697 881 2724 SICA
923 2696 1051 2733 QVAS
1098 2697 1234 2723 RAPIT
1281 2697 1463 2724 MORTIS
1507 2696 1690 2724 ACERBA
1735 2696 1851 2732 QVIS

627 2766 707 2793 SED
740 2765 878 2792 PRINS
910 2765 1095 2792 ERIPVIT
1127 2765 1266 2791 MATRI
1299 2765 1378 2801 QYI
1412 2765 1458 2791 IN
1491 2765 1651 2792 OMNIA
1682 2764 1849 2793 POLLET

564 2837 580 2862 5
630 2834 823 2862 CRVDELIS
844 2834 1005 2862 CASSIVS
1026 2834 1216 2862 FILIOLAM
1239 2834 1259 2860 F.
1279 2834 1460 2861 MANIBVS
1482 2834 1606 2860 PAENE
1636 2833 1850 2861 IMMATVRA

627 2903 768 2931 MORTE
807 2903 987 2930 EREPTAM
1027 2902 1098 2930 SIBI
1135 2903 1308 2930 GNATAM
1350 2903 1430 2929 HEV
1468 2902 1674 2938 QANTVM
1717 2902 1852 2929 MATER

627 2972 899 3000 lNBICIOCIOST
916 2972 1005 2999 ΝΛΜ
1020 2972 1246 3007 POSTQVAM
1264 2972 1309 2999 ET
1326 2971 1591 2999 MONVMENTO
1609 2971 1696 2999 Hoc
1713 2971 1856 2999 CONDE

624 3041 806 3068 CORAVIT
845 3041 1019 3068 GNATAM
1055 3041 1126 3068 PER
1163 3040 1316 3068 LVCTVS
1349 3040 1540 3068 REDDIDIT
1572 3040 1655 3067 IPSA
1686 3040 1850 3067 ΑΝῙΜΑΜ

354 3191 474 3239 Greg.
514 3190 683 3239 Mayans
726 3189 841 3239 epist.
890 3190 941 3227 ad
978 3191 1080 3228 Petr.
1120 3191 1394 3227 Burmannum
1434 3201 1509 3228 sec.
1554 3187 1819 3238 Anthologiae
1864 3193 1940 3227 vet.
1980 3188 2099 3239 epigr.

353 3258 482 3296 Latin.
515 3259 592 3296 vol.
615 3259 655 3296 II
685 3255 826 3311 (1773)
856 3271 894 3308 p.
916 3259 1046 3308 XLV3
1077 3257 1170 3296 inde
1200 3259 1452 3296 Burmannus
1483 3257 1646 3296 Anthol.
1678 3258 1736 3295 IV
1758 3257 1808 3295 82
1843 3257 1891 3295 cf.
1924 3257 2103 3295 addenda

354 3327 429 3365 vol.
462 3327 500 3366 II
529 3340 567 3377 p.
593 3329 671 3366 683
706 3324 856 3380 (Meyer
886 3328 1048 3366 Anthol.
1086 3324 1223 3380 1222).
1285 3326 1388 3366 Vide
1419 3340 1538 3377 supra
1566 3340 1604 3377 p.
1640 3327 1732 3364 352.

410 3395 520 3434 Vitia
550 3395 804 3446 descriptoris
839 3396 919 3435 iam
958 3397 1206 3435 sustulerunt
1239 3401 1278 3434 et
1306 3396 1468 3433 lacunas
1502 3399 1652 3445 textus,
1695 3406 1792 3443 quas
1828 3392 2102 3443 quadratu-ius

353 3464 560 3514 imperitus
589 3478 672 3502 non
702 3464 882 3516 advertit,
915 3465 1198 3515 suppleverunt
1226 3464 1448 3502 Maiansius
1470 3468 1509 3502 et
1527 3465 1779 3501 Burmannus
1810 3461 2044 3501 scribentes:
