<?xml version="1.0" encoding="UTF-8"?>
<!DOCTYPE html PUBLIC "-//W3C//DTD XHTML 1.0 Transitional//EN"
    "http://www.w3.org/TR/xhtml1/DTD/xhtml1-transitional.dtd">
<html xmlns="http://www.w3.org/1999/xhtml" xml:lang="en" lang="en">
 <head>
  <title>
</title>
<meta http-equiv="Content-Type" content="text/html;charset=utf-8" />
  <meta name='ocr-system' content='tesseract 3.04.00' />
  <meta name='ocr-capabilities' content='ocr_page ocr_carea ocr_par ocr_line ocrx_word'/>
</head>
<body>
  <div class='ocr_page' id='page_1' title='image "./ephemerisepigrap08deutuoft_0285.png"; bbox 0 0 2216 3796; ppageno 0'>
   <div class='ocr_carea' id='block_1_1' title="bbox 641 379 1834 425">
    <p class='ocr_par' dir='ltr' id='par_1_1' title="bbox 641 379 1834 425">
     <span class='ocr_line' id='line_1_1' title="bbox 641 379 1834 425; baseline 0.003 -4"><span class='ocrx_word' id='word_1_1' title='bbox 641 387 879 422; x_wconf 71' lang='lat' dir='ltr'><strong>Lvnonvu</strong></span> <span class='ocrx_word' id='word_1_2' title='bbox 915 389 1278 423; x_wconf 80' lang='lat' dir='ltr'><strong>SAECVLARIVM.</strong></span> <span class='ocrx_word' id='word_1_3' title='bbox 1740 379 1766 424; x_wconf 79' lang='lat'><strong>2</strong></span> <span class='ocrx_word' id='word_1_4' title='bbox 1776 380 1800 425; x_wconf 89' lang='grc'><strong>7</strong></span> <span class='ocrx_word' id='word_1_5' title='bbox 1811 381 1834 425; x_wconf 85' lang='grc'><strong>7</strong></span> 
     </span>
    </p>
   </div>
   <div class='ocr_carea' id='block_1_2' title="bbox 0 470 184 2687">
    <p class='ocr_par' dir='ltr' id='par_1_2' title="bbox 0 470 184 2687">
     <span class='ocr_line' id='line_1_2' title="bbox 0 470 184 718; baseline 0 -131"><span class='ocrx_word' id='word_1_6' title='bbox 0 470 184 718; x_wconf 95' lang='lat' dir='ltr'><strong>   </strong></span> 
     </span>
     <span class='ocr_line' id='line_1_3' title="bbox 0 718 166 815; baseline 0 -67"><span class='ocrx_word' id='word_1_7' title='bbox 0 718 166 815; x_wconf 95' lang='lat' dir='ltr'><strong>  </strong></span> 
     </span>
     <span class='ocr_line' id='line_1_4' title="bbox 0 815 184 1029; baseline 0 -101"><span class='ocrx_word' id='word_1_8' title='bbox 0 815 184 1029; x_wconf 95' lang='lat' dir='ltr'><strong>    </strong></span> 
     </span>
     <span class='ocr_line' id='line_1_5' title="bbox 0 1029 184 1183; baseline 0 0"><span class='ocrx_word' id='word_1_9' title='bbox 0 1029 147 1183; x_wconf 95' lang='lat' dir='ltr'><strong>    </strong></span> <span class='ocrx_word' id='word_1_10' title='bbox 166 1029 184 1060; x_wconf 95' lang='lat' dir='ltr'><strong> </strong></span> 
     </span>
     <span class='ocr_line' id='line_1_6' title="bbox 0 1183 134 1382; baseline 0 0"><span class='ocrx_word' id='word_1_11' title='bbox 0 1183 134 1382; x_wconf 95' lang='lat' dir='ltr'><strong>     </strong></span> 
     </span>
     <span class='ocr_line' id='line_1_7' title="bbox 0 1382 100 1462; baseline 0 2334"><span class='ocrx_word' id='word_1_12' title='bbox 0 1382 100 1462; x_wconf 95' lang='lat' dir='ltr'><strong> </strong></span> 
     </span>
     <span class='ocr_line' id='line_1_8' title="bbox 0 1462 144 1660; baseline 0 -50"><span class='ocrx_word' id='word_1_13' title='bbox 0 1462 144 1660; x_wconf 95' lang='lat' dir='ltr'><strong>    </strong></span> 
     </span>
     <span class='ocr_line' id='line_1_9' title="bbox 0 1660 97 1730; baseline 0 0"><span class='ocrx_word' id='word_1_14' title='bbox 0 1660 97 1730; x_wconf 95' lang='lat' dir='ltr'><strong>  </strong></span> 
     </span>
     <span class='ocr_line' id='line_1_10' title="bbox 0 1730 120 2103; baseline 0 -199"><span class='ocrx_word' id='word_1_15' title='bbox 0 1730 120 2103; x_wconf 95' lang='lat' dir='ltr'><strong>   </strong></span> 
     </span>
     <span class='ocr_line' id='line_1_11' title="bbox 0 2103 116 2312; baseline 0 -24"><span class='ocrx_word' id='word_1_16' title='bbox 0 2103 116 2312; x_wconf 95' lang='lat' dir='ltr'><strong>    </strong></span> 
     </span>
     <span class='ocr_line' id='line_1_12' title="bbox 0 2312 124 2501; baseline 0 -36"><span class='ocrx_word' id='word_1_17' title='bbox 0 2312 124 2501; x_wconf 95' lang='lat' dir='ltr'><strong>   </strong></span> 
     </span>
     <span class='ocr_line' id='line_1_13' title="bbox 0 2501 138 2687; baseline 0 0"><span class='ocrx_word' id='word_1_18' title='bbox 0 2501 138 2687; x_wconf 95' lang='lat' dir='ltr'><strong>    </strong></span> <span class='ocrx_word' id='word_1_19' title='bbox 116 2661 138 2687; x_wconf 95' lang='lat' dir='ltr'><strong> </strong></span> 
     </span>
    </p>
   </div>
   <div class='ocr_carea' id='block_1_3' title="bbox 77 485 1839 693">
    <p class='ocr_par' dir='ltr' id='par_1_3' title="bbox 77 485 1839 693">
     <span class='ocr_line' id='line_1_14' title="bbox 77 485 1838 558; baseline 0.002 -16"><span class='ocrx_word' id='word_1_20' title='bbox 77 485 374 545; x_wconf 19' lang='lat' dir='ltr'><strong>*msubmuxi</strong></span> <span class='ocrx_word' id='word_1_21' title='bbox 399 512 652 554; x_wconf 86' lang='lat' dir='ltr'><strong>conspectum</strong></span> <span class='ocrx_word' id='word_1_22' title='bbox 684 504 731 542; x_wconf 90' lang='lat' dir='ltr'><strong>ad</strong></span> <span class='ocrx_word' id='word_1_23' title='bbox 763 510 1053 554; x_wconf 79' lang='lat' dir='ltr'><strong>argumentum,</strong></span> <span class='ocrx_word' id='word_1_24' title='bbox 1091 512 1287 554; x_wconf 81' lang='lat' dir='ltr'><strong>quatenus</strong></span> <span class='ocrx_word' id='word_1_25' title='bbox 1325 508 1588 556; x_wconf 80' lang='lat' dir='ltr'>dignoscitur,</span> <span class='ocrx_word' id='word_1_26' title='bbox 1628 508 1838 558; x_wconf 88' lang='lat' dir='ltr'><strong>digestum.</strong></span> 
     </span>
     <span class='ocr_line' id='line_1_15' title="bbox 102 555 1839 627; baseline 0.004 -19"><span class='ocrx_word' id='word_1_27' title='bbox 102 555 112 564; x_wconf 57' lang='lat'><strong>⁴</strong></span> <span class='ocrx_word' id='word_1_28' title='bbox 153 569 425 622; x_wconf 48' lang='lat' dir='ltr'><strong>fragmenta</strong></span> <span class='ocrx_word' id='word_1_29' title='bbox 454 571 630 610; x_wconf 90' lang='lat' dir='ltr'><strong>numeris</strong></span> <span class='ocrx_word' id='word_1_30' title='bbox 660 572 860 618; x_wconf 82' lang='lat' dir='ltr'><strong>distincta,</strong></span> <span class='ocrx_word' id='word_1_31' title='bbox 891 578 933 610; x_wconf 86' lang='lat' dir='ltr'><strong>ut</strong></span> <span class='ocrx_word' id='word_1_32' title='bbox 961 573 1063 610; x_wconf 88' lang='lat' dir='ltr'><strong>inter</strong></span> <span class='ocrx_word' id='word_1_33' title='bbox 1093 573 1113 611; x_wconf 95' lang='lat' dir='ltr'>I</span> <span class='ocrx_word' id='word_1_34' title='bbox 1143 580 1181 611; x_wconf 88' lang='lat' dir='ltr'><strong>et</strong></span> <span class='ocrx_word' id='word_1_35' title='bbox 1212 574 1264 621; x_wconf 85' lang='grc' dir='ltr'><strong>ΙΙ,</strong></span> <span class='ocrx_word' id='word_1_36' title='bbox 1296 587 1432 614; x_wconf 85' lang='lat' dir='ltr'><strong>versus</strong></span> <span class='ocrx_word' id='word_1_37' title='bbox 1463 576 1617 626; x_wconf 83' lang='lat' dir='ltr'><strong>aliquot</strong></span> <span class='ocrx_word' id='word_1_38' title='bbox 1647 578 1717 614; x_wconf 89' lang='lat' dir='ltr'><strong>toti</strong></span> <span class='ocrx_word' id='word_1_39' title='bbox 1749 590 1839 627; x_wconf 90' lang='lat' dir='ltr'><strong>pos-</strong></span> 
     </span>
     <span class='ocr_line' id='line_1_16' title="bbox 84 605 1389 693; baseline 0.002 -15"><span class='ocrx_word' id='word_1_40' title='bbox 84 605 138 693; x_wconf 90' lang='grc'><strong>1</strong></span> <span class='ocrx_word' id='word_1_41' title='bbox 185 630 450 687; x_wconf 64' lang='lat' dir='ltr'><strong>intercidisse,</strong></span> <span class='ocrx_word' id='word_1_42' title='bbox 479 641 597 678; x_wconf 84' lang='lat' dir='ltr'><strong>etiam</strong></span> <span class='ocrx_word' id='word_1_43' title='bbox 628 641 692 687; x_wconf 85' lang='lat' dir='ltr'><strong>ibi,</strong></span> <span class='ocrx_word' id='word_1_44' title='bbox 724 641 787 679; x_wconf 92' lang='lat' dir='ltr'><strong>ubi</strong></span> <span class='ocrx_word' id='word_1_45' title='bbox 819 647 1093 692; x_wconf 81' lang='lat' dir='ltr'><strong>argumentum</strong></span> <span class='ocrx_word' id='word_1_46' title='bbox 1124 644 1389 681; x_wconf 78' lang='lat' dir='ltr'><strong>continuatur.</strong></span> 
     </span>
    </p>
   </div>
   <div class='ocr_carea' id='block_1_4' title="bbox 0 774 1836 2674">
    <p class='ocr_par' dir='ltr' id='par_1_4' title="bbox 0 774 1836 2674">
     <span class='ocr_line' id='line_1_17' title="bbox 88 774 790 827; baseline -0.002 -11.938"><span class='ocrx_word' id='word_1_47' title='bbox 88 774 239 817; x_wconf 54' lang='lat'><strong>&#39;11-4</strong></span> <span class='ocrx_word' id='word_1_48' title='bbox 264 776 478 827; x_wconf 84' lang='lat' dir='ltr'><strong>inscriptio</strong></span> <span class='ocrx_word' id='word_1_49' title='bbox 507 777 790 816; x_wconf 86' lang='lat' dir='ltr'><strong>commentarii.</strong></span> 
     </span>
     <span class='ocr_line' id='line_1_18' title="bbox 95 843 1817 900; baseline 0.002 -15.974"><span class='ocrx_word' id='word_1_50' title='bbox 95 843 267 884; x_wconf 72' lang='lat'>-5—48</span> <span class='ocrx_word' id='word_1_51' title='bbox 298 851 461 884; x_wconf 87' lang='lat' dir='ltr'><strong>senatus</strong></span> <span class='ocrx_word' id='word_1_52' title='bbox 487 845 710 884; x_wconf 89' lang='lat' dir='ltr'><strong>consultum</strong></span> <span class='ocrx_word' id='word_1_53' title='bbox 741 845 790 884; x_wconf 92' lang='lat' dir='ltr'><strong>de</strong></span> <span class='ocrx_word' id='word_1_54' title='bbox 819 846 924 884; x_wconf 88' lang='lat' dir='ltr'><strong>ludis</strong></span> <span class='ocrx_word' id='word_1_55' title='bbox 951 846 1143 885; x_wconf 83' lang='lat' dir='ltr'><strong>faciendis</strong></span> <span class='ocrx_word' id='word_1_56' title='bbox 1170 847 1316 885; x_wconf 82' lang='lat' dir='ltr'><strong>factum</strong></span> <span class='ocrx_word' id='word_1_57' title='bbox 1349 862 1382 887; x_wconf 87' lang='lat' dir='ltr'><strong>a.</strong></span> <span class='ocrx_word' id='word_1_58' title='bbox 1403 848 1481 886; x_wconf 80' lang='lat'><strong>203</strong></span> <span class='ocrx_word' id='word_1_59' title='bbox 1514 856 1603 887; x_wconf 86' lang='lat' dir='ltr'><strong>ante</strong></span> <span class='ocrx_word' id='word_1_60' title='bbox 1629 851 1730 900; x_wconf 85' lang='lat' dir='ltr'><strong>Aug.</strong></span> <span class='ocrx_word' id='word_1_61' title='bbox 1757 851 1817 888; x_wconf 88' lang='lat'><strong>14.</strong></span> 
     </span>
     <span class='ocr_line' id='line_1_19' title="bbox 124 910 1529 966; baseline 0.001 -14.043"><span class='ocrx_word' id='word_1_62' title='bbox 124 910 294 966; x_wconf 59' lang='lat'><strong>49—53</strong></span> <span class='ocrx_word' id='word_1_63' title='bbox 325 912 527 961; x_wconf 83' lang='lat' dir='ltr'><strong>decretum</strong></span> <span class='ocrx_word' id='word_1_64' title='bbox 558 913 712 964; x_wconf 86' lang='lat' dir='ltr'><strong>collegii</strong></span> <span class='ocrx_word' id='word_1_65' title='bbox 743 927 780 953; x_wconf 89' lang='lat' dir='ltr'><strong>a.</strong></span> <span class='ocrx_word' id='word_1_66' title='bbox 804 913 882 952; x_wconf 82' lang='lat'><strong>203</strong></span> <span class='ocrx_word' id='word_1_67' title='bbox 915 913 1020 953; x_wconf 85' lang='lat' dir='ltr'><strong>Nov.</strong></span> <span class='ocrx_word' id='word_1_68' title='bbox 1046 915 1094 954; x_wconf 87' lang='lat'><strong>13</strong></span> <span class='ocrx_word' id='word_1_69' title='bbox 1126 917 1348 965; x_wconf 86' lang='lat' dir='ltr'><strong>argumenti</strong></span> <span class='ocrx_word' id='word_1_70' title='bbox 1379 917 1529 954; x_wconf 84' lang='lat' dir='ltr'><strong>incerti.</strong></span> 
     </span>
     <span class='ocr_line' id='line_1_20' title="bbox 82 948 1308 1045; baseline 0 -24"><span class='ocrx_word' id='word_1_71' title='bbox 82 948 239 1045; x_wconf 32' lang='grc' dir='ltr'><em>..ζξρ-</em></span> <span class='ocrx_word' id='word_1_72' title='bbox 189 978 301 1021; x_wconf 80' lang='grc'><strong>-57</strong></span> <span class='ocrx_word' id='word_1_73' title='bbox 332 981 505 1021; x_wconf 78' lang='lat' dir='ltr'><strong>edictum</strong></span> <span class='ocrx_word' id='word_1_74' title='bbox 535 981 747 1020; x_wconf 86' lang='lat' dir='ltr'><strong>XVvirum</strong></span> <span class='ocrx_word' id='word_1_75' title='bbox 777 984 1001 1033; x_wconf 88' lang='lat' dir='ltr'><strong>argumenti</strong></span> <span class='ocrx_word' id='word_1_76' title='bbox 1031 984 1125 1022; x_wconf 87' lang='lat' dir='ltr'><strong>item</strong></span> <span class='ocrx_word' id='word_1_77' title='bbox 1157 984 1308 1022; x_wconf 83' lang='lat' dir='ltr'><strong>incerti.</strong></span> 
     </span>
     <span class='ocr_line' id='line_1_21' title="bbox 82 1047 1836 1107; baseline 0.001 -17"><span class='ocrx_word' id='word_1_78' title='bbox 82 1047 260 1107; x_wconf 53' lang='lat'><strong>⁰2¹-6</strong></span> <span class='ocrx_word' id='word_1_79' title='bbox 295 1056 388 1088; x_wconf 81' lang='lat' dir='ltr'><strong>acta</strong></span> <span class='ocrx_word' id='word_1_80' title='bbox 421 1050 578 1102; x_wconf 84' lang='lat' dir='ltr'><strong>collegii</strong></span> <span class='ocrx_word' id='word_1_81' title='bbox 613 1051 650 1089; x_wconf 91' lang='lat' dir='ltr'><strong>d.</strong></span> <span class='ocrx_word' id='word_1_82' title='bbox 681 1053 780 1102; x_wconf 89' lang='lat' dir='ltr'><strong>Apr.</strong></span> <span class='ocrx_word' id='word_1_83' title='bbox 806 1052 868 1090; x_wconf 85' lang='lat'><strong>15.</strong></span> <span class='ocrx_word' id='word_1_84' title='bbox 926 1051 1159 1092; x_wconf 87' lang='lat' dir='ltr'><strong>Recitantur</strong></span> <span class='ocrx_word' id='word_1_85' title='bbox 1193 1053 1388 1103; x_wconf 82' lang='lat' dir='ltr'><strong>epistulae</strong></span> <span class='ocrx_word' id='word_1_86' title='bbox 1424 1053 1524 1091; x_wconf 85' lang='lat' dir='ltr'><strong>duae</strong></span> <span class='ocrx_word' id='word_1_87' title='bbox 1555 1055 1836 1103; x_wconf 87' lang='lat' dir='ltr'><strong>imperatorum</strong></span> 
     </span>
     <span class='ocr_line' id='line_1_22' title="bbox 95 1114 1836 1173; baseline 0.003 -17.969"><span class='ocrx_word' id='word_1_88' title='bbox 95 1114 105 1123; x_wconf 58' lang='lat'><strong>&#39;¹</strong></span> <span class='ocrx_word' id='word_1_89' title='bbox 144 1171 146 1173; x_wconf 66' lang='lat'>‚</span> <span class='ocrx_word' id='word_1_90' title='bbox 239 1117 313 1156; x_wconf 87' lang='lat' dir='ltr'><strong>de</strong></span> <span class='ocrx_word' id='word_1_91' title='bbox 348 1118 555 1157; x_wconf 85' lang='lat' dir='ltr'><strong>sortitione</strong></span> <span class='ocrx_word' id='word_1_92' title='bbox 590 1118 773 1157; x_wconf 88' lang='lat' dir='ltr'><strong>facienda</strong></span> <span class='ocrx_word' id='word_1_93' title='bbox 808 1120 1122 1158; x_wconf 84' lang='lat' dir='ltr'><strong>suffimentorum</strong></span> <span class='ocrx_word' id='word_1_94' title='bbox 1161 1133 1282 1159; x_wconf 87' lang='lat' dir='ltr'><strong>causa</strong></span> <span class='ocrx_word' id='word_1_95' title='bbox 1319 1128 1358 1159; x_wconf 90' lang='lat' dir='ltr'><strong>et</strong></span> <span class='ocrx_word' id='word_1_96' title='bbox 1395 1121 1443 1159; x_wconf 91' lang='lat' dir='ltr'><strong>de</strong></span> <span class='ocrx_word' id='word_1_97' title='bbox 1479 1121 1619 1160; x_wconf 90' lang='lat' dir='ltr'><strong>diebus</strong></span> <span class='ocrx_word' id='word_1_98' title='bbox 1656 1123 1836 1161; x_wconf 88' lang='lat' dir='ltr'><strong>ludorum</strong></span> 
     </span>
     <span class='ocr_line' id='line_1_23' title="bbox 79 1169 565 1236; baseline 0.004 -13"><span class='ocrx_word' id='word_1_99' title='bbox 79 1173 118 1230; x_wconf 60' lang='lat'><strong>&#39;1³&#39;</strong></span> <span class='ocrx_word' id='word_1_100' title='bbox 158 1169 215 1193; x_wconf 42' lang='lat'><strong>‘⁴¹&#39;</strong></span> <span class='ocrx_word' id='word_1_101' title='bbox 263 1185 565 1236; x_wconf 76' lang='lat' dir='ltr'><strong>constituendis.</strong></span> 
     </span>
     <span class='ocr_line' id='line_1_24' title="bbox 99 1224 1836 1306; baseline 0.002 -14.047"><span class='ocrx_word' id='word_1_102' title='bbox 99 1224 271 1293; x_wconf 55' lang='grc' dir='ltr'><strong>ἴ7-14</strong></span> <span class='ocrx_word' id='word_1_103' title='bbox 300 1258 392 1294; x_wconf 83' lang='lat' dir='ltr'><strong>acta</strong></span> <span class='ocrx_word' id='word_1_104' title='bbox 419 1254 579 1306; x_wconf 84' lang='lat' dir='ltr'><strong>collegii</strong></span> <span class='ocrx_word' id='word_1_105' title='bbox 610 1255 645 1293; x_wconf 87' lang='lat' dir='ltr'><strong>d.</strong></span> <span class='ocrx_word' id='word_1_106' title='bbox 670 1256 760 1296; x_wconf 88' lang='lat' dir='ltr'><strong>Mai.</strong></span> <span class='ocrx_word' id='word_1_107' title='bbox 784 1257 848 1295; x_wconf 84' lang='lat'><strong>25.</strong></span> <span class='ocrx_word' id='word_1_108' title='bbox 900 1255 1067 1295; x_wconf 89' lang='lat' dir='ltr'><strong>Sortitio</strong></span> <span class='ocrx_word' id='word_1_109' title='bbox 1088 1258 1343 1296; x_wconf 80' lang='lat' dir='ltr'><strong>tribunalium</strong></span> <span class='ocrx_word' id='word_1_110' title='bbox 1366 1257 1680 1296; x_wconf 79' lang='lat' dir='ltr'><strong>suffimentorum</strong></span> <span class='ocrx_word' id='word_1_111' title='bbox 1705 1260 1836 1296; x_wconf 86' lang='lat' dir='ltr'><strong>distri-</strong></span> 
     </span>
     <span class='ocr_line' id='line_1_25' title="bbox 0 1322 673 1366; baseline 0.005 -7"><span class='ocrx_word' id='word_1_112' title='bbox 0 1357 3 1359; x_wconf 64' lang='lat'><em>,</em></span> <span class='ocrx_word' id='word_1_113' title='bbox 73 1347 82 1366; x_wconf 77' lang='lat'><strong>.·</strong></span> <span class='ocrx_word' id='word_1_114' title='bbox 263 1322 511 1362; x_wconf 86' lang='lat' dir='ltr'><strong>buendorum</strong></span> <span class='ocrx_word' id='word_1_115' title='bbox 542 1336 673 1362; x_wconf 87' lang='lat' dir='ltr'><strong>causa.</strong></span> 
     </span>
     <span class='ocr_line' id='line_1_26' title="bbox 53 1389 1164 1465; baseline 0.002 -34"><span class='ocrx_word' id='word_1_116' title='bbox 53 1433 56 1436; x_wconf 45' lang='lat'><strong>.</strong></span> <span class='ocrx_word' id='word_1_117' title='bbox 80 1418 116 1465; x_wconf 75' lang='lat'><strong>,⁹</strong></span> <span class='ocrx_word' id='word_1_118' title='bbox 145 1391 258 1431; x_wconf 79' lang='grc'><strong>14-</strong></span> <span class='ocrx_word' id='word_1_119' title='bbox 265 1389 320 1431; x_wconf 75' lang='lat'><strong>22</strong></span> <span class='ocrx_word' id='word_1_120' title='bbox 349 1391 521 1432; x_wconf 87' lang='lat' dir='ltr'><strong>edictum</strong></span> <span class='ocrx_word' id='word_1_121' title='bbox 550 1391 763 1432; x_wconf 85' lang='lat' dir='ltr'><strong>XVvirum</strong></span> <span class='ocrx_word' id='word_1_122' title='bbox 794 1394 887 1432; x_wconf 87' lang='lat' dir='ltr'><strong>item</strong></span> <span class='ocrx_word' id='word_1_123' title='bbox 920 1395 957 1432; x_wconf 92' lang='lat' dir='ltr'><strong>d.</strong></span> <span class='ocrx_word' id='word_1_124' title='bbox 980 1395 1074 1433; x_wconf 89' lang='lat' dir='ltr'><strong>Mai.</strong></span> <span class='ocrx_word' id='word_1_125' title='bbox 1099 1394 1164 1434; x_wconf 81' lang='lat'><strong>25.</strong></span> 
     </span>
     <span class='ocr_line' id='line_1_27' title="bbox 94 1457 1834 1514; baseline 0.002 -16.071"><span class='ocrx_word' id='word_1_126' title='bbox 94 1457 247 1514; x_wconf 44' lang='lat'><strong>3—22</strong></span> <span class='ocrx_word' id='word_1_127' title='bbox 258 1457 324 1499; x_wconf 77' lang='lat'><strong>29.</strong></span> <span class='ocrx_word' id='word_1_128' title='bbox 368 1458 447 1506; x_wconf 86' lang='grc' dir='ltr'>ΙΙΙ,</span> <span class='ocrx_word' id='word_1_129' title='bbox 470 1461 545 1498; x_wconf 92' lang='lat'><strong>1—</strong></span> <span class='ocrx_word' id='word_1_130' title='bbox 557 1461 582 1498; x_wconf 83' lang='lat'>4</span> <span class='ocrx_word' id='word_1_131' title='bbox 611 1461 927 1501; x_wconf 86' lang='lat' dir='ltr'><strong>suffimentorum</strong></span> <span class='ocrx_word' id='word_1_132' title='bbox 958 1463 1067 1500; x_wconf 85' lang='lat' dir='ltr'><strong>datio</strong></span> <span class='ocrx_word' id='word_1_133' title='bbox 1097 1471 1137 1501; x_wconf 90' lang='lat' dir='ltr'><strong>et</strong></span> <span class='ocrx_word' id='word_1_134' title='bbox 1166 1464 1397 1502; x_wconf 80' lang='lat' dir='ltr'><strong>distributio</strong></span> <span class='ocrx_word' id='word_1_135' title='bbox 1427 1471 1566 1513; x_wconf 82' lang='lat' dir='ltr'><strong>coepta</strong></span> <span class='ocrx_word' id='word_1_136' title='bbox 1597 1465 1633 1502; x_wconf 90' lang='lat' dir='ltr'><strong>d.</strong></span> <span class='ocrx_word' id='word_1_137' title='bbox 1658 1465 1749 1502; x_wconf 86' lang='lat' dir='ltr'><strong>Mai.</strong></span> <span class='ocrx_word' id='word_1_138' title='bbox 1771 1464 1834 1503; x_wconf 79' lang='lat'><strong>26.</strong></span> 
     </span>
     <span class='ocr_line' id='line_1_28' title="bbox 148 1526 1426 1582; baseline 0.004 -16.769"><span class='ocrx_word' id='word_1_139' title='bbox 148 1526 307 1567; x_wconf 62' lang='lat'>24-15</span> <span class='ocrx_word' id='word_1_140' title='bbox 337 1527 403 1567; x_wconf 83' lang='lat' dir='ltr'><strong>die</strong></span> <span class='ocrx_word' id='word_1_141' title='bbox 421 1528 511 1567; x_wconf 45' lang='lat' dir='ltr'><strong>&#39;alio</strong></span> <span class='ocrx_word' id='word_1_142' title='bbox 539 1529 695 1579; x_wconf 85' lang='lat' dir='ltr'><strong>frugum</strong></span> <span class='ocrx_word' id='word_1_143' title='bbox 723 1530 868 1569; x_wconf 87' lang='lat' dir='ltr'><strong>divisio</strong></span> <span class='ocrx_word' id='word_1_144' title='bbox 898 1532 1159 1581; x_wconf 84' lang='lat' dir='ltr'><strong>praecedente</strong></span> <span class='ocrx_word' id='word_1_145' title='bbox 1189 1532 1426 1582; x_wconf 87' lang='lat' dir='ltr'><strong>precatione.</strong></span> 
     </span>
     <span class='ocr_line' id='line_1_29' title="bbox 77 1589 1342 1645; baseline 0.003 -11"><span class='ocrx_word' id='word_1_146' title='bbox 77 1589 139 1642; x_wconf 43' lang='lat' dir='ltr'><strong>J,</strong></span> <span class='ocrx_word' id='word_1_147' title='bbox 164 1593 335 1635; x_wconf 80' lang='lat'>15—25</span> <span class='ocrx_word' id='word_1_148' title='bbox 365 1596 430 1635; x_wconf 88' lang='lat' dir='ltr'><strong>die</strong></span> <span class='ocrx_word' id='word_1_149' title='bbox 458 1596 632 1636; x_wconf 81' lang='lat' dir='ltr'><strong>fortasse</strong></span> <span class='ocrx_word' id='word_1_150' title='bbox 662 1598 743 1636; x_wconf 89' lang='lat' dir='ltr'><strong>alio</strong></span> <span class='ocrx_word' id='word_1_151' title='bbox 773 1598 936 1638; x_wconf 83' lang='lat' dir='ltr'><strong>Tarenti</strong></span> <span class='ocrx_word' id='word_1_152' title='bbox 971 1601 1170 1638; x_wconf 62' lang='lat' dir='ltr'><strong>lustratia</strong></span> <span class='ocrx_word' id='word_1_153' title='bbox 1340 1643 1342 1645; x_wconf 66' lang='lat'>‚</span> 
     </span>
     <span class='ocr_line' id='line_1_30' title="bbox 67 1656 1350 1723; baseline 0.003 -20"><span class='ocrx_word' id='word_1_154' title='bbox 67 1656 122 1723; x_wconf 53' lang='lat'><strong>{³</strong></span> <span class='ocrx_word' id='word_1_155' title='bbox 143 1661 368 1707; x_wconf 70' lang='lat'><strong>,26—-291’</strong></span> <span class='ocrx_word' id='word_1_156' title='bbox 395 1665 566 1705; x_wconf 82' lang='lat' dir='ltr'><strong>edietum</strong></span> <span class='ocrx_word' id='word_1_157' title='bbox 597 1666 806 1706; x_wconf 82' lang='lat' dir='ltr'><strong>XVvirum</strong></span> <span class='ocrx_word' id='word_1_158' title='bbox 837 1679 953 1706; x_wconf 89' lang='lat' dir='ltr'><strong>sacra</strong></span> <span class='ocrx_word' id='word_1_159' title='bbox 982 1668 1119 1707; x_wconf 88' lang='lat' dir='ltr'><strong>futura</strong></span> <span class='ocrx_word' id='word_1_160' title='bbox 1147 1669 1350 1707; x_wconf 84' lang='lat' dir='ltr'><strong>ordinans.</strong></span> 
     </span>
     <span class='ocr_line' id='line_1_31' title="bbox 67 1730 1392 1785; baseline 0.003 -14"><span class='ocrx_word' id='word_1_161' title='bbox 67 1733 135 1780; x_wconf 53' lang='grc' dir='ltr'><strong>ΠΙ,</strong></span> <span class='ocrx_word' id='word_1_162' title='bbox 164 1730 390 1772; x_wconf 69' lang='lat'>293-50?</span> <span class='ocrx_word' id='word_1_163' title='bbox 419 1735 594 1785; x_wconf 84' lang='lat' dir='ltr'><strong>precatio</strong></span> <span class='ocrx_word' id='word_1_164' title='bbox 623 1735 850 1775; x_wconf 87' lang='lat' dir='ltr'><strong>inchoativa</strong></span> <span class='ocrx_word' id='word_1_165' title='bbox 881 1749 1083 1775; x_wconf 91' lang='lat' dir='ltr'><strong>sacrorum</strong></span> <span class='ocrx_word' id='word_1_166' title='bbox 1116 1738 1392 1776; x_wconf 85' lang='lat' dir='ltr'><strong>saecularium.</strong></span> 
     </span>
     <span class='ocr_line' id='line_1_32' title="bbox 70 1802 1202 1859; baseline 0.004 -20"><span class='ocrx_word' id='word_1_167' title='bbox 70 1802 110 1855; x_wconf 30' lang='grc' dir='ltr'><strong>’ᾗ</strong></span> <span class='ocrx_word' id='word_1_168' title='bbox 158 1855 161 1858; x_wconf 25' lang='grc'><strong>1</strong></span> <span class='ocrx_word' id='word_1_169' title='bbox 207 1855 210 1859; x_wconf 29' lang='grc'><strong>1</strong></span> <span class='ocrx_word' id='word_1_170' title='bbox 391 1802 594 1841; x_wconf 87' lang='lat' dir='ltr'><strong>invocatio</strong></span> <span class='ocrx_word' id='word_1_171' title='bbox 623 1803 850 1843; x_wconf 87' lang='lat' dir='ltr'><strong>Moerarum</strong></span> <span class='ocrx_word' id='word_1_172' title='bbox 883 1806 1010 1844; x_wconf 85' lang='lat' dir='ltr'><strong>noctis</strong></span> <span class='ocrx_word' id='word_1_173' title='bbox 1039 1806 1202 1856; x_wconf 86' lang='lat' dir='ltr'><strong>primae.</strong></span> 
     </span>
     <span class='ocr_line' id='line_1_33' title="bbox 116 1803 1033 2003; baseline 0.003 -93.839"><span class='ocrx_word' id='word_1_174' title='bbox 79 1862 133 1934; x_wconf 50' lang='grc'><strong>’1</strong></span> <span class='ocrx_word' id='word_1_175' title='bbox 150 1880 310 1929; x_wconf 76' lang='lat'>51-91</span> <span class='ocrx_word' id='word_1_176' title='bbox 337 1803 365 2003; x_wconf 56' lang='grc' dir='ltr'><strong>ἶ</strong></span> <span class='ocrx_word' id='word_1_177' title='bbox 394 1871 641 1910; x_wconf 80' lang='lat' dir='ltr'><strong>sellisternia</strong></span> <span class='ocrx_word' id='word_1_178' title='bbox 669 1874 798 1912; x_wconf 88' lang='lat' dir='ltr'><strong>noctis</strong></span> <span class='ocrx_word' id='word_1_179' title='bbox 828 1874 1033 1912; x_wconf 80' lang='lat' dir='ltr'><strong>eiusdem?</strong></span> 
     </span>
     <span class='ocr_line' id='line_1_34' title="bbox 324 1939 1014 1992; baseline 0.003 -14"><span class='ocrx_word' id='word_1_180' title='bbox 324 1941 327 1943; x_wconf 58' lang='grc'><strong>“</strong></span> <span class='ocrx_word' id='word_1_181' title='bbox 393 1939 593 1978; x_wconf 79' lang='lat' dir='ltr'><strong>invocatio</strong></span> <span class='ocrx_word' id='word_1_182' title='bbox 622 1939 732 1979; x_wconf 83' lang='lat' dir='ltr'><strong>Iovis</strong></span> <span class='ocrx_word' id='word_1_183' title='bbox 763 1941 827 1980; x_wconf 86' lang='lat' dir='ltr'><strong>die</strong></span> <span class='ocrx_word' id='word_1_184' title='bbox 855 1941 1014 1992; x_wconf 81' lang='lat' dir='ltr'><strong>primo?</strong></span> 
     </span>
     <span class='ocr_line' id='line_1_35' title="bbox 64 2009 1293 2062; baseline 0.003 -17"><span class='ocrx_word' id='word_1_185' title='bbox 64 2030 75 2054; x_wconf 60' lang='grc' dir='ltr'><strong>»ς</strong></span> <span class='ocrx_word' id='word_1_186' title='bbox 391 2009 594 2048; x_wconf 82' lang='lat' dir='ltr'><strong>invocatio</strong></span> <span class='ocrx_word' id='word_1_187' title='bbox 625 2009 789 2049; x_wconf 91' lang='lat' dir='ltr'><strong>Iunonis</strong></span> <span class='ocrx_word' id='word_1_188' title='bbox 820 2011 982 2062; x_wconf 87' lang='lat' dir='ltr'><strong>reginae</strong></span> <span class='ocrx_word' id='word_1_189' title='bbox 1013 2011 1077 2048; x_wconf 87' lang='lat' dir='ltr'><strong>die</strong></span> <span class='ocrx_word' id='word_1_190' title='bbox 1107 2011 1293 2050; x_wconf 89' lang='lat' dir='ltr'><strong>secundo.</strong></span> 
     </span>
     <span class='ocr_line' id='line_1_36' title="bbox 71 2006 1039 2210; baseline 0.003 -96"><span class='ocrx_word' id='word_1_191' title='bbox 71 2072 100 2083; x_wconf 76' lang='grc'><strong><em>”</em></strong></span> <span class='ocrx_word' id='word_1_192' title='bbox 158 2089 272 2128; x_wconf 63' lang='grc'><strong>1-8</strong></span> <span class='ocrx_word' id='word_1_193' title='bbox 337 2006 365 2210; x_wconf 51' lang='grc' dir='ltr'>ἱ</span> <span class='ocrx_word' id='word_1_194' title='bbox 394 2077 639 2116; x_wconf 79' lang='lat' dir='ltr'><strong>sellisternia</strong></span> <span class='ocrx_word' id='word_1_195' title='bbox 669 2078 798 2117; x_wconf 84' lang='lat' dir='ltr'><strong>noctis</strong></span> <span class='ocrx_word' id='word_1_196' title='bbox 829 2079 1039 2117; x_wconf 87' lang='lat' dir='ltr'><strong>secundae.</strong></span> 
     </span>
     <span class='ocr_line' id='line_1_37' title="bbox 63 2146 851 2204; baseline 0.004 -22"><span class='ocrx_word' id='word_1_197' title='bbox 63 2191 69 2204; x_wconf 37' lang='grc' dir='ltr'><em>ζ</em></span> <span class='ocrx_word' id='word_1_198' title='bbox 323 2160 326 2166; x_wconf 69' lang='grc'><strong>’</strong></span> <span class='ocrx_word' id='word_1_199' title='bbox 394 2146 555 2197; x_wconf 85' lang='lat' dir='ltr'><strong>epulum</strong></span> <span class='ocrx_word' id='word_1_200' title='bbox 587 2147 851 2186; x_wconf 87' lang='lat' dir='ltr'><strong>sacerdotum.</strong></span> 
     </span>
     <span class='ocr_line' id='line_1_38' title="bbox 158 2213 1538 2261; baseline 0 -7"><span class='ocrx_word' id='word_1_201' title='bbox 158 2213 314 2254; x_wconf 79' lang='lat'><strong>9—23.</strong></span> <span class='ocrx_word' id='word_1_202' title='bbox 363 2213 411 2261; x_wconf 89' lang='lat' dir='ltr'><strong>V,</strong></span> <span class='ocrx_word' id='word_1_203' title='bbox 445 2215 549 2253; x_wconf 80' lang='lat'><strong>1—&#39;7</strong></span> <span class='ocrx_word' id='word_1_204' title='bbox 581 2216 819 2254; x_wconf 87' lang='lat' dir='ltr'><strong>sacrificium</strong></span> <span class='ocrx_word' id='word_1_205' title='bbox 851 2222 1121 2255; x_wconf 85' lang='lat' dir='ltr'><strong>matronarum</strong></span> <span class='ocrx_word' id='word_1_206' title='bbox 1153 2216 1229 2255; x_wconf 87' lang='lat' dir='ltr'><strong>CX</strong></span> <span class='ocrx_word' id='word_1_207' title='bbox 1260 2218 1322 2255; x_wconf 92' lang='lat' dir='ltr'><strong>die</strong></span> <span class='ocrx_word' id='word_1_208' title='bbox 1353 2218 1538 2256; x_wconf 88' lang='lat' dir='ltr'><strong>secundo.</strong></span> 
     </span>
     <span class='ocr_line' id='line_1_39' title="bbox 59 2283 1017 2400; baseline 0.002 -11"><span class='ocrx_word' id='word_1_209' title='bbox 59 2315 80 2334; x_wconf 83' lang='lat'>·</span> <span class='ocrx_word' id='word_1_210' title='bbox 72 2322 240 2381; x_wconf 53' lang='lat'><strong>2⁸-</strong></span> <span class='ocrx_word' id='word_1_211' title='bbox 221 2322 271 2363; x_wconf 78' lang='lat'>2</span> <span class='ocrx_word' id='word_1_212' title='bbox 327 2284 357 2400; x_wconf 65' lang='lat'><strong>⁴{</strong></span> <span class='ocrx_word' id='word_1_213' title='bbox 389 2283 636 2391; x_wconf 56' lang='lat'><strong>:2¹:335</strong></span> <span class='ocrx_word' id='word_1_214' title='bbox 655 2290 792 2391; x_wconf 49' lang='grc' dir='ltr'><strong>ἓξὲξ</strong></span> <span class='ocrx_word' id='word_1_215' title='bbox 815 2291 1017 2392; x_wconf 59' lang='lat'><strong>35:335..</strong></span> 
     </span>
     <span class='ocr_line' id='line_1_40' title="bbox 58 2419 1575 2474; baseline 0.001 -16"><span class='ocrx_word' id='word_1_216' title='bbox 58 2431 64 2450; x_wconf 52' lang='lat'><strong>=·</strong></span> <span class='ocrx_word' id='word_1_217' title='bbox 172 2419 342 2459; x_wconf 86' lang='lat' dir='ltr'><strong>edictum</strong></span> <span class='ocrx_word' id='word_1_218' title='bbox 373 2419 624 2459; x_wconf 86' lang='lat' dir='ltr'><strong>sacerdotum</strong></span> <span class='ocrx_word' id='word_1_219' title='bbox 654 2420 791 2471; x_wconf 89' lang='lat' dir='ltr'><strong>(modo</strong></span> <span class='ocrx_word' id='word_1_220' title='bbox 822 2421 899 2459; x_wconf 91' lang='lat' dir='ltr'><strong>huc</strong></span> <span class='ocrx_word' id='word_1_221' title='bbox 929 2422 1143 2471; x_wconf 88' lang='lat' dir='ltr'><strong>pertineat)</strong></span> <span class='ocrx_word' id='word_1_222' title='bbox 1174 2423 1394 2474; x_wconf 87' lang='lat' dir='ltr'><strong>argumenti</strong></span> <span class='ocrx_word' id='word_1_223' title='bbox 1425 2423 1575 2461; x_wconf 84' lang='lat' dir='ltr'><strong>incerti.</strong></span> 
     </span>
     <span class='ocr_line' id='line_1_41' title="bbox 78 2486 1069 2543; baseline 0.002 -17"><span class='ocrx_word' id='word_1_224' title='bbox 78 2492 123 2543; x_wconf 48' lang='lat'><strong>2⁸</strong></span> <span class='ocrx_word' id='word_1_225' title='bbox 188 2486 352 2537; x_wconf 82' lang='lat' dir='ltr'>V111A,</span> <span class='ocrx_word' id='word_1_226' title='bbox 377 2489 498 2527; x_wconf 83' lang='lat'><strong>1—4.</strong></span> <span class='ocrx_word' id='word_1_227' title='bbox 546 2487 698 2527; x_wconf 90' lang='lat' dir='ltr'>VIIIB</span> <span class='ocrx_word' id='word_1_228' title='bbox 728 2490 810 2527; x_wconf 92' lang='lat' dir='ltr'><strong>ludi</strong></span> <span class='ocrx_word' id='word_1_229' title='bbox 841 2490 1069 2528; x_wconf 84' lang='lat' dir='ltr'><strong>sollemnes.</strong></span> 
     </span>
     <span class='ocr_line' id='line_1_42' title="bbox 102 2545 1312 2603; baseline 0.002 -8"><span class='ocrx_word' id='word_1_230' title='bbox 102 2545 142 2592; x_wconf 65' lang='lat'><strong>⁸⁸¹¹</strong></span> <span class='ocrx_word' id='word_1_231' title='bbox 166 2554 218 2603; x_wconf 68' lang='lat' dir='ltr'><strong>TA,</strong></span> <span class='ocrx_word' id='word_1_232' title='bbox 247 2556 389 2596; x_wconf 82' lang='lat'>5-13</span> <span class='ocrx_word' id='word_1_233' title='bbox 421 2557 592 2595; x_wconf 87' lang='lat' dir='ltr'><strong>edictum</strong></span> <span class='ocrx_word' id='word_1_234' title='bbox 622 2557 833 2596; x_wconf 89' lang='lat' dir='ltr'><strong>XVvirum</strong></span> <span class='ocrx_word' id='word_1_235' title='bbox 864 2558 913 2596; x_wconf 88' lang='lat' dir='ltr'><strong>de</strong></span> <span class='ocrx_word' id='word_1_236' title='bbox 941 2558 1047 2597; x_wconf 90' lang='lat' dir='ltr'><strong>ludis</strong></span> <span class='ocrx_word' id='word_1_237' title='bbox 1076 2559 1312 2598; x_wconf 89' lang='lat' dir='ltr'><strong>honorariis.</strong></span> 
     </span>
     <span class='ocr_line' id='line_1_43' title="bbox 138 2623 1253 2674; baseline 0.002 -9.86"><span class='ocrx_word' id='word_1_238' title='bbox 138 2623 431 2674; x_wconf 74' lang='lat' dir='ltr'><strong>1A,14—30.</strong></span> <span class='ocrx_word' id='word_1_239' title='bbox 474 2625 538 2664; x_wconf 84' lang='lat' dir='ltr'><strong>lx</strong></span> <span class='ocrx_word' id='word_1_240' title='bbox 566 2625 650 2664; x_wconf 90' lang='lat' dir='ltr'><strong>ludi</strong></span> <span class='ocrx_word' id='word_1_241' title='bbox 680 2626 881 2665; x_wconf 89' lang='lat' dir='ltr'><strong>honorarii</strong></span> <span class='ocrx_word' id='word_1_242' title='bbox 913 2639 1000 2664; x_wconf 90' lang='lat' dir='ltr'><strong>cum</strong></span> <span class='ocrx_word' id='word_1_243' title='bbox 1033 2627 1253 2666; x_wconf 76' lang='lat' dir='ltr'><strong>sacrificio?</strong></span> 
     </span>
    </p>
   </div>
   <div class='ocr_carea' id='block_1_5' title="bbox 51 2678 161 2715">
    <p class='ocr_par' dir='ltr' id='par_1_5' title="bbox 51 2673 161 2715">
     <span class='ocr_line' id='line_1_44' title="bbox 51 2678 161 2715; baseline 0.018 -6"><span class='ocrx_word' id='word_1_244' title='bbox 51 2678 116 2715; x_wconf 57' lang='lat' dir='ltr'><strong>isi</strong></span> <span class='ocrx_word' id='word_1_245' title='bbox 135 2707 137 2709; x_wconf 88' lang='lat'><strong>.</strong></span> <span class='ocrx_word' id='word_1_246' title='bbox 150 2690 161 2711; x_wconf 67' lang='grc'><strong>;,</strong></span> 
     </span>
    </p>
   </div>
   <div class='ocr_carea' id='block_1_6' title="bbox 0 2687 194 3418">
    <p class='ocr_par' dir='ltr' id='par_1_6' title="bbox 0 2687 194 3418">
     <span class='ocr_line' id='line_1_45' title="bbox 0 2687 77 2732; baseline 0.026 -2"><span class='ocrx_word' id='word_1_247' title='bbox 0 2687 77 2732; x_wconf 95' lang='lat' dir='ltr'><strong>  </strong></span> 
     </span>
     <span class='ocr_line' id='line_1_46' title="bbox 0 2732 176 2939; baseline 0 -95"><span class='ocrx_word' id='word_1_248' title='bbox 0 2732 176 2939; x_wconf 95' lang='lat' dir='ltr'><strong>    </strong></span> 
     </span>
     <span class='ocr_line' id='line_1_47' title="bbox 0 2939 109 3147; baseline 0 -29"><span class='ocrx_word' id='word_1_249' title='bbox 0 2939 109 3147; x_wconf 95' lang='lat' dir='ltr'><strong>     </strong></span> 
     </span>
     <span class='ocr_line' id='line_1_48' title="bbox 0 3147 102 3187; baseline 0 609"><span class='ocrx_word' id='word_1_250' title='bbox 0 3147 102 3187; x_wconf 95' lang='lat' dir='ltr'><strong> </strong></span> 
     </span>
     <span class='ocr_line' id='line_1_49' title="bbox 0 3187 194 3418; baseline 0 -29"><span class='ocrx_word' id='word_1_251' title='bbox 0 3187 194 3418; x_wconf 95' lang='lat' dir='ltr'><strong>    </strong></span> 
     </span>
    </p>
   </div>
   <div class='ocr_carea' id='block_1_7' title="bbox 52 2746 1833 3567">
    <p class='ocr_par' dir='ltr' id='par_1_7' title="bbox 48 2745 1833 3567">
     <span class='ocr_line' id='line_1_50' title="bbox 94 2746 1833 2818; baseline -0.001 -14.018"><span class='ocrx_word' id='word_1_252' title='bbox 85 2745 109 2765; x_wconf 25' lang='grc' dir='ltr'><strong><em>ὦ</em></strong></span> <span class='ocrx_word' id='word_1_253' title='bbox 140 2815 144 2818; x_wconf 26' lang='grc'><strong>1</strong></span> <span class='ocrx_word' id='word_1_254' title='bbox 168 2760 403 2814; x_wconf 81' lang='lat' dir='ltr'><strong>Sequuntur</strong></span> <span class='ocrx_word' id='word_1_255' title='bbox 430 2762 521 2814; x_wconf 82' lang='lat' dir='ltr'><strong>ipsa</strong></span> <span class='ocrx_word' id='word_1_256' title='bbox 547 2763 772 2814; x_wconf 81' lang='lat' dir='ltr'><strong>fragmenta</strong></span> <span class='ocrx_word' id='word_1_257' title='bbox 800 2764 943 2803; x_wconf 83' lang='lat' dir='ltr'><strong>litteris</strong></span> <span class='ocrx_word' id='word_1_258' title='bbox 974 2765 1192 2804; x_wconf 85' lang='lat' dir='ltr'><strong>minoribus</strong></span> <span class='ocrx_word' id='word_1_259' title='bbox 1223 2777 1418 2815; x_wconf 85' lang='lat' dir='ltr'><strong>expressa</strong></span> <span class='ocrx_word' id='word_1_260' title='bbox 1447 2771 1486 2803; x_wconf 87' lang='lat' dir='ltr'><strong>et</strong></span> <span class='ocrx_word' id='word_1_261' title='bbox 1515 2772 1557 2803; x_wconf 92' lang='lat' dir='ltr'><strong>ut</strong></span> <span class='ocrx_word' id='word_1_262' title='bbox 1585 2766 1669 2804; x_wconf 87' lang='lat' dir='ltr'><strong>fieri</strong></span> <span class='ocrx_word' id='word_1_263' title='bbox 1707 2767 1833 2816; x_wconf 84' lang='lat' dir='ltr'><strong>potuit</strong></span> 
     </span>
     <span class='ocr_line' id='line_1_51' title="bbox 63 2817 1831 2884; baseline 0.001 -14"><span class='ocrx_word' id='word_1_264' title='bbox 63 2817 97 2841; x_wconf 63' lang='lat'><strong>⁵&#39;</strong></span> <span class='ocrx_word' id='word_1_265' title='bbox 117 2839 138 2865; x_wconf 65' lang='grc' dir='ltr'><strong>ῑῑ</strong></span> <span class='ocrx_word' id='word_1_266' title='bbox 160 2837 245 2882; x_wconf 48' lang='lat' dir='ltr'><strong>gata</strong></span> <span class='ocrx_word' id='word_1_267' title='bbox 272 2837 312 2870; x_wconf 83' lang='lat' dir='ltr'><strong>et</strong></span> <span class='ocrx_word' id='word_1_268' title='bbox 343 2831 519 2882; x_wconf 87' lang='lat' dir='ltr'><strong>expleta.</strong></span> <span class='ocrx_word' id='word_1_269' title='bbox 580 2829 721 2882; x_wconf 88' lang='lat' dir='ltr'><strong>Spatia</strong></span> <span class='ocrx_word' id='word_1_270' title='bbox 753 2832 820 2870; x_wconf 90' lang='lat' dir='ltr'><strong>ubi</strong></span> <span class='ocrx_word' id='word_1_271' title='bbox 849 2833 891 2871; x_wconf 91' lang='lat' dir='ltr'><strong>in</strong></span> <span class='ocrx_word' id='word_1_272' title='bbox 921 2833 1053 2883; x_wconf 85' lang='lat' dir='ltr'><strong>lapide</strong></span> <span class='ocrx_word' id='word_1_273' title='bbox 1074 2840 1229 2880; x_wconf 88' lang='lat' dir='ltr'><strong>vacant,</strong></span> <span class='ocrx_word' id='word_1_274' title='bbox 1258 2833 1298 2872; x_wconf 90' lang='lat' dir='ltr'><strong>id</strong></span> <span class='ocrx_word' id='word_1_275' title='bbox 1323 2833 1584 2872; x_wconf 84' lang='lat' dir='ltr'><strong>indicavimus</strong></span> <span class='ocrx_word' id='word_1_276' title='bbox 1606 2846 1727 2884; x_wconf 85' lang='lat' dir='ltr'><strong>supra</strong></span> <span class='ocrx_word' id='word_1_277' title='bbox 1748 2848 1831 2871; x_wconf 85' lang='lat' dir='ltr'><strong>ver-</strong></span> 
     </span>
     <span class='ocr_line' id='line_1_52' title="bbox 66 2886 1832 2952; baseline 0.001 -14"><span class='ocrx_word' id='word_1_278' title='bbox 66 2892 83 2899; x_wconf 41' lang='lat'><strong><em>¹</em></strong></span> <span class='ocrx_word' id='word_1_279' title='bbox 146 2911 148 2913; x_wconf 87' lang='grc'><strong><em>·</em></strong></span> <span class='ocrx_word' id='word_1_280' title='bbox 170 2886 278 2951; x_wconf 58' lang='lat' dir='ltr'><strong>(dizo.</strong></span> <span class='ocrx_word' id='word_1_281' title='bbox 299 2899 370 2939; x_wconf 68' lang='lat' dir='ltr'><strong>litt.</strong></span> <span class='ocrx_word' id='word_1_282' title='bbox 393 2897 473 2949; x_wconf 64' lang='grc' dir='ltr'><strong>ἰοί).</strong></span> <span class='ocrx_word' id='word_1_283' title='bbox 523 2899 670 2938; x_wconf 84' lang='lat' dir='ltr'><strong>Hiatus</strong></span> <span class='ocrx_word' id='word_1_284' title='bbox 698 2907 887 2950; x_wconf 85' lang='lat' dir='ltr'><strong>quantum</strong></span> <span class='ocrx_word' id='word_1_285' title='bbox 919 2901 1005 2940; x_wconf 81' lang='lat' dir='ltr'><strong>fieri</strong></span> <span class='ocrx_word' id='word_1_286' title='bbox 1030 2901 1159 2952; x_wconf 86' lang='lat' dir='ltr'><strong>potuit</strong></span> <span class='ocrx_word' id='word_1_287' title='bbox 1188 2902 1549 2950; x_wconf 85' lang='lat' dir='ltr'><strong>determinavimus,</strong></span> <span class='ocrx_word' id='word_1_288' title='bbox 1581 2909 1662 2951; x_wconf 81' lang='lat' dir='ltr'><strong>aut‚</strong></span> <span class='ocrx_word' id='word_1_289' title='bbox 1692 2903 1730 2940; x_wconf 93' lang='lat' dir='ltr'><strong>in</strong></span> <span class='ocrx_word' id='word_1_290' title='bbox 1764 2903 1832 2939; x_wconf 91' lang='lat' dir='ltr'><strong>mi-</strong></span> 
     </span>
     <span class='ocr_line' id='line_1_53' title="bbox 52 2954 1833 3023; baseline 0.001 -15"><span class='ocrx_word' id='word_1_291' title='bbox 52 2954 220 3023; x_wconf 43' lang='lat' dir='ltr'><strong>,fribus</strong></span> <span class='ocrx_word' id='word_1_292' title='bbox 249 2967 500 3020; x_wconf 86' lang='lat' dir='ltr'><strong>praesertim,</strong></span> <span class='ocrx_word' id='word_1_293' title='bbox 529 2969 700 3019; x_wconf 82' lang='lat' dir='ltr'><strong>expletis</strong></span> <span class='ocrx_word' id='word_1_294' title='bbox 729 2969 779 3007; x_wconf 90' lang='lat' dir='ltr'><strong>iis</strong></span> <span class='ocrx_word' id='word_1_295' title='bbox 809 2969 952 3008; x_wconf 89' lang='lat' dir='ltr'><strong>litteris</strong></span> <span class='ocrx_word' id='word_1_296' title='bbox 973 2970 1188 3020; x_wconf 86' lang='lat' dir='ltr'><strong>virgulisve</strong></span> <span class='ocrx_word' id='word_1_297' title='bbox 1214 2971 1422 3020; x_wconf 89' lang='lat' dir='ltr'><strong>punctisve</strong></span> <span class='ocrx_word' id='word_1_298' title='bbox 1443 2976 1501 3008; x_wconf 91' lang='lat' dir='ltr'><strong>tot</strong></span> <span class='ocrx_word' id='word_1_299' title='bbox 1520 2978 1615 3021; x_wconf 90' lang='lat' dir='ltr'><strong>quot</strong></span> <span class='ocrx_word' id='word_1_300' title='bbox 1634 2971 1833 3009; x_wconf 87' lang='lat' dir='ltr'><strong>excidisse</strong></span> 
     </span>
     <span class='ocr_line' id='line_1_54' title="bbox 62 3023 1833 3090; baseline 0 -14"><span class='ocrx_word' id='word_1_301' title='bbox 62 3023 284 3076; x_wconf 70' lang='lat' dir='ltr'><strong>darentur</strong></span> <span class='ocrx_word' id='word_1_302' title='bbox 312 3042 381 3075; x_wconf 86' lang='lat' dir='ltr'><strong>aut</strong></span> <span class='ocrx_word' id='word_1_303' title='bbox 409 3036 610 3087; x_wconf 87' lang='lat' dir='ltr'><strong>adscripto</strong></span> <span class='ocrx_word' id='word_1_304' title='bbox 640 3049 804 3075; x_wconf 91' lang='lat' dir='ltr'><strong>numero</strong></span> <span class='ocrx_word' id='word_1_305' title='bbox 834 3037 1051 3076; x_wconf 88' lang='lat' dir='ltr'><strong>litterarum</strong></span> <span class='ocrx_word' id='word_1_306' title='bbox 1083 3039 1358 3084; x_wconf 82' lang='lat' dir='ltr'><strong>deficientium,</strong></span> <span class='ocrx_word' id='word_1_307' title='bbox 1389 3051 1468 3088; x_wconf 90' lang='lat' dir='ltr'><strong>quo</strong></span> <span class='ocrx_word' id='word_1_308' title='bbox 1489 3051 1654 3077; x_wconf 88' lang='lat' dir='ltr'><strong>numero</strong></span> <span class='ocrx_word' id='word_1_309' title='bbox 1676 3039 1709 3078; x_wconf 91' lang='lat' dir='ltr'><strong>si</strong></span> <span class='ocrx_word' id='word_1_310' title='bbox 1731 3052 1833 3090; x_wconf 86' lang='lat' dir='ltr'><strong>quae</strong></span> 
     </span>
     <span class='ocr_line' id='line_1_55' title="bbox 66 3091 1831 3159; baseline 0 -15"><span class='ocrx_word' id='word_1_311' title='bbox 66 3091 407 3156; x_wconf 67' lang='grc' dir='ltr'><strong>ρρῐεὶισεηηῐ,</strong></span> <span class='ocrx_word' id='word_1_312' title='bbox 443 3117 514 3143; x_wconf 89' lang='lat' dir='ltr'><strong>eae</strong></span> <span class='ocrx_word' id='word_1_313' title='bbox 543 3116 702 3155; x_wconf 87' lang='lat' dir='ltr'><strong>quoque</strong></span> <span class='ocrx_word' id='word_1_314' title='bbox 731 3106 1129 3156; x_wconf 86' lang='lat' dir='ltr'><strong>comprehenduntur.</strong></span> <span class='ocrx_word' id='word_1_315' title='bbox 1188 3107 1391 3159; x_wconf 88' lang='lat' dir='ltr'><strong>Integrum</strong></span> <span class='ocrx_word' id='word_1_316' title='bbox 1421 3120 1578 3146; x_wconf 85' lang='lat' dir='ltr'><strong>versum</strong></span> <span class='ocrx_word' id='word_1_317' title='bbox 1609 3108 1762 3146; x_wconf 87' lang='lat' dir='ltr'><strong>anticae</strong></span> <span class='ocrx_word' id='word_1_318' title='bbox 1793 3109 1831 3144; x_wconf 90' lang='lat' dir='ltr'><strong>in</strong></span> 
     </span>
     <span class='ocr_line' id='line_1_56' title="bbox 54 3159 1832 3226; baseline 0.001 -15"><span class='ocrx_word' id='word_1_319' title='bbox 54 3179 212 3220; x_wconf 52' lang='grc' dir='ltr'><strong>[ςιιωο</strong></span> <span class='ocrx_word' id='word_1_320' title='bbox 228 3159 349 3225; x_wconf 75' lang='lat' dir='ltr'><strong>&#39;cippo</strong></span> <span class='ocrx_word' id='word_1_321' title='bbox 368 3173 558 3212; x_wconf 81' lang='lat' dir='ltr'><strong>habuisse</strong></span> <span class='ocrx_word' id='word_1_322' title='bbox 578 3173 730 3212; x_wconf 88' lang='lat' dir='ltr'><strong>litteras</strong></span> <span class='ocrx_word' id='word_1_323' title='bbox 751 3173 905 3212; x_wconf 89' lang='lat' dir='ltr'><strong>circiter</strong></span> <span class='ocrx_word' id='word_1_324' title='bbox 924 3180 1081 3213; x_wconf 88' lang='lat' dir='ltr'><strong>centum</strong></span> <span class='ocrx_word' id='word_1_325' title='bbox 1103 3174 1390 3226; x_wconf 86' lang='lat' dir='ltr'><strong>quinquaginta</strong></span> <span class='ocrx_word' id='word_1_326' title='bbox 1410 3176 1579 3214; x_wconf 79' lang='lat' dir='ltr'><strong>efficitur</strong></span> <span class='ocrx_word' id='word_1_327' title='bbox 1599 3189 1650 3213; x_wconf 88' lang='lat' dir='ltr'><strong>ex</strong></span> <span class='ocrx_word' id='word_1_328' title='bbox 1670 3188 1702 3213; x_wconf 90' lang='lat' dir='ltr'><strong>c.</strong></span> <span class='ocrx_word' id='word_1_329' title='bbox 1720 3175 1751 3222; x_wconf 87' lang='grc' dir='ltr'>Ι,</span> <span class='ocrx_word' id='word_1_330' title='bbox 1767 3174 1832 3221; x_wconf 80' lang='lat'><strong>27;</strong></span> 
     </span>
     <span class='ocr_line' id='line_1_57' title="bbox 54 3230 1832 3327; baseline 0.001 -48"><span class='ocrx_word' id='word_1_331' title='bbox 54 3230 80 3327; x_wconf 61' lang='grc'><strong>,1’</strong></span> <span class='ocrx_word' id='word_1_332' title='bbox 93 3259 118 3272; x_wconf 87' lang='grc'><strong>-·</strong></span> <span class='ocrx_word' id='word_1_333' title='bbox 165 3241 374 3281; x_wconf 84' lang='lat' dir='ltr'><strong>elementis</strong></span> <span class='ocrx_word' id='word_1_334' title='bbox 412 3254 482 3292; x_wconf 89' lang='lat' dir='ltr'><strong>per</strong></span> <span class='ocrx_word' id='word_1_335' title='bbox 519 3242 666 3291; x_wconf 87' lang='lat' dir='ltr'><strong>gradus</strong></span> <span class='ocrx_word' id='word_1_336' title='bbox 701 3241 818 3280; x_wconf 84' lang='lat' dir='ltr'><strong>factis</strong></span> <span class='ocrx_word' id='word_1_337' title='bbox 855 3242 1076 3281; x_wconf 89' lang='lat' dir='ltr'><strong>minoribus</strong></span> <span class='ocrx_word' id='word_1_338' title='bbox 1112 3249 1151 3281; x_wconf 88' lang='lat' dir='ltr'><strong>et</strong></span> <span class='ocrx_word' id='word_1_339' title='bbox 1186 3244 1448 3282; x_wconf 87' lang='lat' dir='ltr'><strong>deterioribus</strong></span> <span class='ocrx_word' id='word_1_340' title='bbox 1484 3245 1524 3282; x_wconf 92' lang='lat' dir='ltr'><strong>in</strong></span> <span class='ocrx_word' id='word_1_341' title='bbox 1563 3244 1691 3282; x_wconf 91' lang='lat' dir='ltr'><strong>media</strong></span> <span class='ocrx_word' id='word_1_342' title='bbox 1723 3252 1832 3292; x_wconf 87' lang='lat' dir='ltr'><strong>parte</strong></span> 
     </span>
     <span class='ocr_line' id='line_1_58' title="bbox 65 3307 1833 3411; baseline 0.001 -63"><span class='ocrx_word' id='word_1_343' title='bbox 65 3358 78 3368; x_wconf 62' lang='lat'><strong>.</strong></span> <span class='ocrx_word' id='word_1_344' title='bbox 91 3307 222 3411; x_wconf 83' lang='grc' dir='ltr'><strong>μΙγ)</strong></span> <span class='ocrx_word' id='word_1_345' title='bbox 251 3321 392 3349; x_wconf 81' lang='lat' dir='ltr'><strong>versus</strong></span> <span class='ocrx_word' id='word_1_346' title='bbox 421 3310 575 3348; x_wconf 89' lang='lat' dir='ltr'><strong>litteras</strong></span> <span class='ocrx_word' id='word_1_347' title='bbox 605 3310 711 3361; x_wconf 88' lang='lat' dir='ltr'><strong>capit</strong></span> <span class='ocrx_word' id='word_1_348' title='bbox 739 3323 773 3348; x_wconf 89' lang='lat' dir='ltr'><strong>c.</strong></span> <span class='ocrx_word' id='word_1_349' title='bbox 805 3317 992 3350; x_wconf 89' lang='lat' dir='ltr'><strong>centenas</strong></span> <span class='ocrx_word' id='word_1_350' title='bbox 1022 3318 1249 3362; x_wconf 89' lang='lat' dir='ltr'><strong>octogenas‚</strong></span> <span class='ocrx_word' id='word_1_351' title='bbox 1279 3313 1317 3350; x_wconf 90' lang='lat' dir='ltr'><strong>in</strong></span> <span class='ocrx_word' id='word_1_352' title='bbox 1350 3321 1462 3362; x_wconf 85' lang='lat' dir='ltr'><strong>parte</strong></span> <span class='ocrx_word' id='word_1_353' title='bbox 1491 3318 1670 3350; x_wconf 87' lang='lat' dir='ltr'><strong>extrema</strong></span> <span class='ocrx_word' id='word_1_354' title='bbox 1699 3325 1731 3349; x_wconf 94' lang='lat' dir='ltr'><strong>c.</strong></span> <span class='ocrx_word' id='word_1_355' title='bbox 1764 3312 1833 3350; x_wconf 91' lang='lat' dir='ltr'><strong>du-</strong></span> 
     </span>
     <span class='ocr_line' id='line_1_59' title="bbox 55 3376 1830 3431; baseline 0.001 -15"><span class='ocrx_word' id='word_1_356' title='bbox 55 3423 58 3426; x_wconf 25' lang='grc'><strong>1</strong></span> <span class='ocrx_word' id='word_1_357' title='bbox 231 3376 301 3416; x_wconf 84' lang='lat' dir='ltr'><strong>In</strong></span> <span class='ocrx_word' id='word_1_358' title='bbox 335 3378 458 3417; x_wconf 85' lang='lat' dir='ltr'><strong>latere</strong></span> <span class='ocrx_word' id='word_1_359' title='bbox 493 3390 634 3417; x_wconf 86' lang='lat' dir='ltr'><strong>versus</strong></span> <span class='ocrx_word' id='word_1_360' title='bbox 670 3379 777 3429; x_wconf 88' lang='lat' dir='ltr'><strong>capit</strong></span> <span class='ocrx_word' id='word_1_361' title='bbox 812 3379 965 3418; x_wconf 88' lang='lat' dir='ltr'><strong>litteras</strong></span> <span class='ocrx_word' id='word_1_362' title='bbox 1000 3391 1032 3417; x_wconf 93' lang='lat' dir='ltr'><strong>c.</strong></span> <span class='ocrx_word' id='word_1_363' title='bbox 1069 3386 1287 3431; x_wconf 76' lang='lat' dir='ltr'><strong>octogenae</strong></span> <span class='ocrx_word' id='word_1_364' title='bbox 1323 3381 1463 3431; x_wconf 89' lang='lat' dir='ltr'><strong>quinas</strong></span> <span class='ocrx_word' id='word_1_365' title='bbox 1500 3379 1569 3430; x_wconf 86' lang='lat' dir='ltr'><strong>(fr.</strong></span> <span class='ocrx_word' id='word_1_366' title='bbox 1586 3379 1686 3417; x_wconf 88' lang='lat' dir='ltr'><strong>VIII</strong></span> <span class='ocrx_word' id='word_1_367' title='bbox 1696 3379 1751 3427; x_wconf 80' lang='lat' dir='ltr'><strong><em>A</em></strong></span> <span class='ocrx_word' id='word_1_368' title='bbox 1775 3379 1830 3429; x_wconf 87' lang='lat'><strong>6).</strong></span> 
     </span>
     <span class='ocr_line' id='line_1_60' title="bbox 53 3398 1812 3499; baseline 0 -14"><span class='ocrx_word' id='word_1_369' title='bbox 53 3398 160 3492; x_wconf 53' lang='lat' dir='ltr'><strong>{ssim</strong></span> <span class='ocrx_word' id='word_1_370' title='bbox 194 3445 258 3484; x_wconf 88' lang='lat' dir='ltr'><strong>his</strong></span> <span class='ocrx_word' id='word_1_371' title='bbox 288 3446 464 3485; x_wconf 89' lang='lat' dir='ltr'><strong>numeris</strong></span> <span class='ocrx_word' id='word_1_372' title='bbox 494 3459 635 3485; x_wconf 87' lang='lat' dir='ltr'><strong>versus</strong></span> <span class='ocrx_word' id='word_1_373' title='bbox 666 3453 862 3497; x_wconf 86' lang='lat' dir='ltr'><strong>quotquot</strong></span> <span class='ocrx_word' id='word_1_374' title='bbox 890 3447 1141 3486; x_wconf 84' lang='lat' dir='ltr'><strong>inveniuntur</strong></span> <span class='ocrx_word' id='word_1_375' title='bbox 1172 3448 1436 3499; x_wconf 86' lang='lat' dir='ltr'><strong>supplementi</strong></span> <span class='ocrx_word' id='word_1_376' title='bbox 1469 3461 1546 3486; x_wconf 93' lang='lat' dir='ltr'><strong>nou</strong></span> <span class='ocrx_word' id='word_1_377' title='bbox 1577 3459 1741 3499; x_wconf 86' lang='lat' dir='ltr'><strong>prorsus</strong></span> <span class='ocrx_word' id='word_1_378' title='bbox 1773 3448 1812 3485; x_wconf 91' lang='lat' dir='ltr'><strong>in</strong></span> 
     </span>
     <span class='ocr_line' id='line_1_61' title="bbox 143 3512 1832 3567; baseline 0.001 -15.893"><span class='ocrx_word' id='word_1_379' title='bbox 143 3512 153 3522; x_wconf 79' lang='grc'><strong><em>’</em></strong></span> <span class='ocrx_word' id='word_1_380' title='bbox 192 3513 233 3552; x_wconf 90' lang='lat' dir='ltr'><strong>in</strong></span> <span class='ocrx_word' id='word_1_381' title='bbox 272 3514 498 3553; x_wconf 81' lang='lat' dir='ltr'><strong>universum</strong></span> <span class='ocrx_word' id='word_1_382' title='bbox 534 3515 781 3554; x_wconf 89' lang='lat' dir='ltr'><strong>conveniunt.</strong></span> <span class='ocrx_word' id='word_1_383' title='bbox 841 3516 948 3554; x_wconf 91' lang='lat' dir='ltr'><strong>Hinc</strong></span> <span class='ocrx_word' id='word_1_384' title='bbox 982 3516 1045 3554; x_wconf 92' lang='lat' dir='ltr'><strong>ubi</strong></span> <span class='ocrx_word' id='word_1_385' title='bbox 1084 3528 1222 3554; x_wconf 88' lang='lat' dir='ltr'><strong>versus</strong></span> <span class='ocrx_word' id='word_1_386' title='bbox 1257 3524 1323 3555; x_wconf 89' lang='lat' dir='ltr'><strong>aut</strong></span> <span class='ocrx_word' id='word_1_387' title='bbox 1362 3517 1492 3567; x_wconf 89' lang='lat' dir='ltr'><strong>prima</strong></span> <span class='ocrx_word' id='word_1_388' title='bbox 1528 3523 1596 3554; x_wconf 86' lang='lat' dir='ltr'><strong>aut</strong></span> <span class='ocrx_word' id='word_1_389' title='bbox 1632 3522 1832 3566; x_wconf 89' lang='lat' dir='ltr'><strong>postrema</strong></span> 
     </span>
    </p>
   </div>
  </div>
 </body>
</html>
