2216 3796
441 339 535 385 338
1133 349 1495 383 ADDITAMENTA

494 466 667 504 Pertinet
697 465 744 502 ad
776 465 878 502 sacri
907 464 1020 503 Deae
1050 464 1149 502 Diae
1179 465 1279 503 diem
1311 465 1520 503 secundum
1553 476 1676 514 neque
1706 469 1834 503 tamen
1865 477 1952 503 cum
1989 464 2048 518 eis
2084 477 2187 516 qn

440 533 661 582 composuit
689 532 852 570 Henzen
885 545 921 581 p.
946 531 994 569 27
1026 532 1141 582 plane
1171 533 1362 573 convenit.
1404 554 1453 560 —
1490 533 1514 571 5
1544 537 1732 582 unquenta
1766 519 2187 587 conteqeruntsinteu

438 601 603 651 gendum
634 605 712 646 est,
746 599 927 649 idemque
963 599 1245 638 restituendum
1284 599 1322 636 in
1358 599 1620 650 descriptione
1656 600 1732 638 diei
1766 600 1880 650 primi
1919 612 1956 639 a.
1983 598 2062 639 218
2098 599 2187 650 (V

441 667 545 705 2104
577 681 610 704 ν.
638 667 723 716 15),
764 667 831 704 ubi
858 667 1068 716 frumjenta
1108 667 1359 717 suppleverat
1395 667 1602 714 Mar-iuius,
1635 666 1848 717 pulmJenta
1875 666 2101 707 nannenus.
2181 715 2188 724 .

441 735 460 772 7
490 735 698 784 qallicatus
728 734 951 773 ascendisse
980 734 1123 772 dicitur
1151 735 1339 784 magister
1369 735 1535 783 primum
1565 735 1639 772 hoc
1666 735 1772 781 loco;
1808 746 1932 785 usque
1969 733 2020 774 ad
2049 746 2082 772 a.
2106 721 2190 772 21⁵5

440 803 614 841 solemne
644 810 704 840 est
734 804 910 847 sotiatus,
947 816 982 840 a.
1005 801 1096 840 218.
1129 801 1206 839 219
1239 814 1317 851 quo
1349 802 1489 852 pedum
1529 802 1754 840 indumento
1790 814 1883 841 usus
1918 801 1971 840 sit
2002 814 2082 840 non
2119 783 2188 840 ad„

441 876 610 908 notatur.
676 870 795 907 Recte
825 876 955 907 autem
983 869 1197 908 Henzenus
1227 870 1356 907 attulit
1384 870 1511 907 locum
1541 869 1661 909 Gellii
1692 870 1754 916 13,
1785 868 1854 908 22:
1903 869 1946 907 T.
1979 856 2194 909 Castricius

468 967 476 974 .
498 967 506 974 .
538 950 619 976 cum
743 938 948 986 discipulos
984 938 1166 987 quosdam
1202 949 1288 975 suos
1323 944 1512 975 senatores
1546 939 1696 976 vidissit
1729 937 1788 975 die
1813 938 1957 986 feriato
1989 939 2124 976 tunicis
2153 949 2195 975 e

439 997 616 1043 lacernis*
634 1006 781 1043 indutos
812 1011 848 1043 et
873 1004 1025 1054 qallicis
1055 1006 1256 1051 calciatos,
1296 1001 1482 1054 ‘equidem’
1512 1007 1644 1054 inquit,
1684 1001 1907 1043 ‘maluissem
1937 1000 2023 1043 vosv
2040 988 2197 1055 ιοραιὼ

439 1085 536 1111 esse.-
574 1075 608 1110 si
637 1075 799 1123 piqitum
834 1078 904 1119 est,
950 1075 1083 1111 cinctos
1118 1073 1250 1110 saltem
1285 1079 1318 1110 et
1346 1073 1583 1122 paenulatos
1645 1071 1724 1110 Sed
1757 1074 1791 1110 si
1824 1071 1884 1110 hio
1915 1066 2033 1113 vester
2060 1071 2188 1110 huius-

438 1142 538 1178 modi
571 1143 720 1179 vestitus
754 1141 799 1179 de
831 1141 946 1178 multo
985 1142 1061 1177 iam
1099 1153 1170 1178 usu
1204 1141 1434 1189 iqnosoibilis
1469 1147 1538 1186 est,
1581 1140 1745 1178 soleatus
1782 1145 1901 1178 tamen
1935 1148 2020 1202 0085
2052 1135 2188 1190 popul?

439 1209 601 1247 Romani
631 1215 829 1256 senatores,
863 1221 934 1258 per
962 1209 1064 1246 urbis
1093 1210 1176 1246 vias
1205 1209 1354 1257 ingredi
1382 1220 1619 1258 nequaquam
1646 1187 1819 1246 decorum
1845 1212 1925 1246 est.
1967 1198 2019 1245 ’..“
2064 1206 2187 1246 Pam

440 1289 510 1326 que
539 1283 659 1314 autem
691 1289 734 1314 ea*
762 1277 833 1322 his,
866 1278 931 1326 qui
958 1276 1170 1322 audierant,
1204 1276 1453 1324 requirebant,
1483 1287 1549 1313 cur
1576 1271 1754 1313 ‘soleatos'
1785 1258 1953 1322 dixisset,
1979 1276 2047 1325 qui
2072 1270 2189 1330 qalli}
2174 1261 2210 1290 J

439 1356 517 1389 cas,
546 1356 622 1381 non
651 1343 773 1382 soleas
805 1343 989 1381 haberent.
1048 1343 1128 1381 Sed
1158 1343 1362 1382 Castricius
1387 1345 1557 1393 profecto
1593 1345 1680 1381 scite
1708 1349 1819 1392 atque
1846 1344 2059 1394 incorrupte
2088 1342 2187 1397 locu!

439 1418 497 1449 tus
529 1417 602 1449 est.-
638 1414 761 1449 omnia
791 1413 885 1448 enim
905 1411 1029 1459 ferme
1057 1411 1100 1448 id
1124 1423 1258 1459 glenus,
1296 1411 1428 1459 quibus
1463 1411 1682 1459 plantarum
1717 1410 1836 1448 calces
1865 1415 2009 1449 tantum
2042 1407 2211 1461 infimas*

440 1485 621 1529 tequntur‚
661 1485 783 1516 cetera
808 1491 928 1527 prope
956 1479 1060 1515 nuda
1089 1484 1122 1515 et
1157 1479 1326 1515 teretibus
1362 1478 1514 1516 habenis
1547 1479 1671 1516 vincta
1707 1483 1809 1524 sunt,
1847 1476 1969 1516 soleae
2004 1464 2206 1523 dixerunt„

439 1559 700 1596 nonnunquam
728 1559 812 1583 voce
838 1559 977 1594 qraeca
1003 1542 1248 1594 crepidulas'
1249 1573 1260 1591 ,
1303 1545 1477 1584 Gallicas
1513 1552 1633 1583 autem
1666 1546 1817 1583 terbum
1851 1557 1930 1584 esse
1963 1547 2096 1614 opinor
2122 1557 2188 1582 no·
2200 1572 2202 1578 ,

439 1628 534 1661 vum,
564 1627 639 1652 non
670 1615 735 1652 diu
764 1619 849 1651 ante
877 1619 1031 1651 aetatem
1060 1613 1116 1650 M
1150 1613 1338 1651 Ciceronis
1366 1614 1549 1662 usurpari
1577 1619 1742 1662 coeptum
1769 1618 1842 1651 cet.

494 1976 531 2013 B
548 1975 677 2014 CDE
702 1982 858 2027 reperta
883 1977 924 2014 in
953 1977 1071 2015 vinea
1099 1974 1315 2015 Ceccarelli

1396 2103 1435 2140 D
1465 2102 1605 2141 litteris
1635 2103 1760 2142 bonis.

614 2172 1254 2420 ΟΦ
1048 2192 1259 2384 Φ
1886 2177 2216 2511 Ο

1478 2364 1575 2392 VERx

440 2494 603 2532 Henzen
632 2494 671 2531 in
702 2493 890 2532 addendis
921 2493 967 2532 ad
1001 2493 1078 2532 vol.
1098 2493 1153 2531 VI
1182 2506 1219 2543 p.
1239 2493 1317 2532 864
1338 2494 1481 2543 sqhi.

407 2910 418 2920 ·
495 2856 536 2893 F
546 2855 581 2894 G
610 2860 765 2906 reperta
794 2869 819 2893 a
843 2855 971 2895 Conca
999 2857 1060 2894 nel
1088 2857 1196 2894 bosco
1227 2857 1267 2893 di
1288 2855 1480 2902 Mentana,
1505 2868 1640 2906 presso
1669 2856 1700 2893 il
1723 2856 1820 2894 detto
1839 2843 2007 2902 comune3
2011 2799 2216 2954 Ιίιῐενεᾳξὲ

441 2925 559 2961 aetati
589 2923 878 2962 Antoninorum
910 2924 992 2962 fere
1020 2925 1228 2962 convenire
1257 2923 1312 2961 ait
1340 2923 1449 2962 Tou.

2166 3016 2216 3059 [s

1014 3050 1057 3087 F
1619 3047 1655 3087 G

778 3176 832 3202 boa
852 3177 872 3203 E
900 3176 1059 3203 AVRATA
1124 3182 1238 3203 ouermu
1468 3149 1602 3192 [Ν
1632 3149 1709 3240 r]
2164 3182 2169 3189 ¹
2187 3165 2216 3206 ἐ

805 3245 824 3270 d
848 3244 966 3270 ElNDE
988 3252 996 3260 -
1018 3243 1111 3270 ΙΝΤΕ
1468 3200 1753 3321 Qec
1776 3244 1818 3270 tta
1837 3243 1921 3275 faxis
2200 3221 2216 3282 ξ·

869 3310 1112 3339 NVNCVPAVE
1191 3315 1201 3338 t
1564 3309 1566 3311 ’
2193 3347 2199 3350 .

444 3437 685 3476 Tomassetti
715 3439 805 3477 bull.
836 3451 979 3477 comun.
1013 3438 1116 3476 1890
1146 3452 1182 3488 p.
1212 3439 1298 3476 110.
