2216 3796
706 352 822 386 vmz
856 351 1243 386 TARRACONENSIS
1755 337 1854 385 453

78 515 82 522 .
159 484 165 493 ”
197 502 202 515 ι
273 489 277 493 ’
299 484 406 534 sunt,
438 494 462 520 a
494 493 558 519 me
589 478 762 519 conferri
790 478 1006 531 potuerint,
1038 478 1203 530 plurimi
1232 491 1324 518 vero
1346 478 1390 517 in
1411 478 1562 530 campis
1583 483 1623 518 et
1647 477 1854 518 montibus

153 554 167 585 ’ἴ
198 571 203 586 ³
242 536 406 592 lateant.
467 551 535 590 Ad
563 550 741 589 laborem
774 549 883 587 hunc
922 548 1128 587 difficilem
1165 562 1260 587 sane
1290 553 1330 588 et
1364 548 1600 588 diuturnum
1629 547 1854 600 suscipien—

141 643 159 655 ι·
214 620 287 673 qu'i
314 632 361 661 se
389 620 612 671 accingeret
646 618 837 658 inventus
868 623 928 658 est
957 620 999 658 P.
1022 617 1223 657 Martinus
1254 619 1434 672 Capella,
1475 620 1681 670 presbyter
1708 619 1854 657 Braca-

75 685 230 745 ms,
275 691 479 744 'professor
520 689 626 741 lycei
655 687 913 728 Viannensis.
974 689 1080 727 Nam
1119 701 1210 726 eum
1248 688 1291 727 in
1329 688 1564 738 regionibus
1608 688 1691 728 illis
1735 693 1854 728 natus

74 751 261 809 «βξῂ-’ἰίίᾶο
300 773 328 801 a
370 759 545 814 pueritia
590 762 772 798 versatus
814 762 897 798 tam
939 763 1101 810 propter
1146 758 1279 797 officia
1321 758 1592 797 ecclesiastica
1635 771 1754 809 quam
1802 759 1853 797 ob

63 819 240 890 Qfflu
279 829 532 881 antiquitatis
572 841 749 869 amorem
785 829 875 868 loca
910 829 998 879 ipsa
1036 833 1076 867 et
1114 827 1299 867 homines
1336 841 1473 867 eorum
1509 841 1656 878 gnaros
1690 827 1854 880 penitus

60 907 71 938 ζ
84 901 282 955 novisset,
327 914 350 940 a
385 899 598 940 Francisco
642 899 813 938 Martius
858 900 1067 938 Sarmento
1109 899 1333 937 studiorum
1373 897 1460 937 eius
1499 897 1659 948 generis
1697 899 1854 937 fautore

70 975 250 1023 mun
279 969 535 1011 institutione
566 969 771 1010 doctrinae
801 972 841 1008 et
869 968 997 1021 libris,
1030 967 1100 1019 qui
1129 970 1207 1007 huc
1238 967 1411 1020 faciunt,
1444 967 1663 1006 liberaliter
1693 967 1855 1007 adiutus

60 1041 209 1097 sesam
236 1040 298 1081 rei
326 1039 605 1093 epigraphicae
625 1039 791 1078 Latinae
813 1038 947 1078 studio
978 1038 1182 1077 indefesso
1209 1038 1331 1077 talem
1351 1037 1431 1076 sibi
1459 1037 1613 1088 paravit
1633 1037 1852 1089 scientiam,

70 1103 133 1153 Laut
159 1111 337 1152 fructum
364 1109 516 1153 laboris
543 1122 616 1160 per
644 1110 794 1148 multos
825 1121 953 1148 annos
990 1107 1180 1159 protracti
1215 1109 1377 1147 tandem
1413 1107 1565 1158 publici
1593 1107 1693 1146 iuris
1724 1108 1854 1146 facere

203 1184 223 1221 t
250 1179 357 1221 edito
392 1193 521 1232 nuper
549 1178 652 1219 libro
684 1192 758 1218 suo
791 1178 1004 1223 Milliarios
1033 1179 1080 1216 do
1111 1179 1346 1217 Conventus
1375 1179 1769 1227 Bracaraugustanus
1800 1191 1856 1215 em

122 1249 284 1304 orhcqal,
316 1248 493 1303 rolo’qm'ae
521 1248 790 1301 d’epiyraphia
820 1262 993 1301 romana,
1035 1248 1271 1288 trasladadas
1301 1247 1367 1286 dos
1390 1247 1574 1298 proprios
1603 1252 1856 1286 monumentos

156 1324 219 1361 rto
254 1321 376 1373 1895,
407 1333 475 1372 pp.
498 1321 581 1360 272
616 1320 653 1359 8.
658 1316 688 1373 ).
749 1318 918 1358 Librum
946 1321 1074 1371 hunc,
1106 1324 1226 1369 quem
1257 1317 1460 1369 expectari
1496 1317 1582 1356 dixi
1610 1317 1655 1355 in
1685 1318 1856 1368 Supple-

129 1391 222 1431 nto
258 1386 311 1445 (p.
344 1387 484 1443 995),
505 1389 564 1429 ita
601 1388 681 1429 sibi
721 1389 888 1440 putabat
926 1388 1183 1428 scribendum
1221 1401 1327 1439 esse,
1374 1391 1420 1426 ut
1461 1387 1732 1426 conterraneis
1772 1387 1856 1426 suis

58 1445 285 1525 ,auxillum
314 1460 436 1500 ferret
465 1460 517 1499 ad
545 1459 681 1499 studia
710 1458 919 1509 dirigenda
955 1458 1000 1497 in
1038 1458 1191 1509 patriae
1222 1456 1476 1508 antiquitatis
1504 1457 1714 1496 universae
1745 1461 1785 1495 et
1813 1456 1857 1495 in

63 1568 65 1571 .
82 1529 251 1572 vua-'um
268 1529 526 1583 potissimum
544 1531 819 1569 Romanarum
848 1527 1212 1579 investigationem.
1264 1528 1382 1567 Unde
1412 1526 1619 1579 praemisit
1638 1527 1858 1566 enarratio-

12 1651 13 1655 *
52 1591 82 1641 ζ
84 1613 179 1641 nem
197 1600 563 1653 peregrinationum
582 1599 868 1652 frequentium,
900 1598 1049 1649 quibus
1068 1598 1224 1637 viarum
1246 1597 1502 1647 antiquarum
1526 1601 1676 1636 tractus
1695 1597 1856 1636 assidue

8 1672 11 1683 “
51 1656 61 1695 f
84 1672 246 1712 &nutus
264 1669 461 1710 miliarina
481 1670 610 1710 adhuc
631 1668 866 1721 superstites
895 1668 1113 1721 indagavit,
1147 1667 1430 1719 inscriptiones
1452 1681 1589 1706 eorum
1614 1667 1858 1707 examinavit

51 1750 55 1761 s
78 1745 127 1781 ot
155 1739 343 1834 correxit,
373 1739 516 1779 titulos
536 1752 663 1779 novos
683 1738 849 1778 invenit.
902 1739 1179 1778 Emendantur
1198 1737 1578 1788 investigationibus
1597 1736 1681 1778 illis
1707 1736 1857 1789 passim

225 1823 276 1851 ex
314 1810 546 1850 auctoribus
582 1809 743 1860 Argotii
778 1810 1016 1861 plerumque
1053 1809 1132 1847 fide
1171 1807 1306 1858 dignis
1344 1812 1384 1846 et
1420 1807 1616 1847 accuratis
1655 1811 1775 1857 atque
1807 1821 1856 1846 ex

63 1927 65 1929 ,
261 1879 397 1921 Sibelo
433 1879 613 1920 hominis
649 1879 828 1931 Hispani
865 1893 986 1931 opera
1021 1877 1285 1918 tumultuaria
1316 1882 1356 1916 et
1392 1877 1624 1930 neglegenti
1654 1890 1728 1928 ego
1760 1877 1856 1916 olim

0 1939 3 1946 ’
57 1945 59 1951 ⁴
83 1924 269 2004 Kisperti
301 1949 447 2003 peritia
489 1949 653 1990 adiutus
697 1951 746 1989 de
790 1949 1040 2002 singularum
1078 1950 1234 1988 viarum
1281 1961 1496 2000 progressu
1534 1953 1572 1987 et
1614 1947 1857 1988 stationibus

0 2032 2 2034 ’
53 2062 58 2080 ἶ
84 2020 308 2062 enucleavi.
355 2021 404 2060 Id
432 2032 560 2061 unum
590 2020 774 2060 dolemus
805 2021 914 2070 quod
942 2020 1038 2059 huic
1068 2019 1164 2058 libri
1194 2019 1282 2058 eius
1311 2018 1417 2070 parti
1446 2017 1688 2058 utilissimae
1718 2021 1757 2057 et
1786 2018 1857 2057 ad-

54 2094 55 2098 ’
83 2092 250 2133 nodum
266 2090 480 2144 iucundae,
503 2104 746 2143 quamquam
766 2091 947 2130 locorum
966 2089 1234 2130 indicationes
1260 2090 1404 2140 plenae
1425 2092 1520 2128 sunt
1541 2093 1581 2128 et
1607 2087 1855 2140 perspicuae,

83 2174 231 2216 mappa
257 2161 524 2214 geographica
560 2162 687 2213 perite
717 2161 918 2201 delineata
949 2162 1078 2214 deest,
1118 2161 1280 2211 qualem
1316 2173 1398 2198 non
1428 2158 1662 2210 ignoramus
1692 2158 1856 2198 difficile

49 2242 53 2291 [
82 2231 218 2286 parari
245 2244 365 2284 posse
395 2232 445 2271 ab
474 2231 638 2272 homine
667 2231 822 2283 privato
853 2245 984 2282 neque
1016 2230 1060 2269 in
1081 2235 1164 2270 arte
1186 2244 1233 2269 ea
1253 2228 1495 2269 exercitato..
1535 2228 1734 2268 Miliarios
1763 2241 1855 2267 vero

38 2335 40 2339 ,
82 2301 198 2356 ipsos,
233 2301 293 2343 ita
331 2301 532 2352 enarravit
570 2301 753 2354 scriptor,
796 2306 843 2340 ut
880 2302 929 2340 de
968 2301 1050 2340 vita
1088 2300 1343 2351 singulorum
1371 2299 1657 2351 imperatorum
1696 2299 1856 2337 brevem

84 2376 347 2426 pon-pomum
373 2371 665 2424 praemitteret,
705 2371 850 2411 deinde
886 2376 1111 2423 temporum
1148 2369 1330 2409 ordinem
1361 2373 1522 2408 secutus
1553 2369 1736 2419 singulos
1764 2381 1856 2419 pro-

38 2487 42 2493 ,
83 2446 252 2496 poneret
281 2445 321 2482 et
350 2441 580 2494 explicaret.
641 2442 741 2494 Ego,
773 2446 819 2480 ut
848 2455 920 2492 par
951 2445 1023 2493 est,
1056 2440 1102 2479 in
1130 2441 1311 2479 locorum
1341 2439 1524 2478 ordinem
1553 2438 1700 2489 redegi.

199 2525 236 2564 E
265 2523 452 2564 miliariis
482 2522 662 2574 quinque
692 2522 848 2563 viarum
877 2523 1038 2562 illarum
1069 2523 1236 2561 CLXVI
1272 2522 1365 2573 plus
1402 2521 1537 2560 minus
1575 2521 1704 2558 adhuc
1734 2519 1853 2570 notis,

34 2592 39 2595 ”
86 2607 188 2647 quos
208 2593 318 2636 edidi
337 2593 382 2633 in
402 2593 581 2646 corporis
601 2592 804 2632 volumine
834 2594 873 2631 H
904 2598 944 2632 et
973 2593 1016 2631 in
1048 2592 1328 2644 supplemento
1352 2590 1452 2643 eius,
1485 2590 1661 2641 Capella,
1695 2588 1855 2628 sirecte

35 2664 38 2700 ἶ
83 2663 326 2717 computavi,
356 2665 531 2704 LXXVI
561 2664 693 2702 denuo
721 2663 935 2714 indagavit.
988 2664 1035 2701 In
1057 2662 1204 2712 quibus
1224 2662 1361 2700 decem
1383 2664 1477 2699 sunt
1503 2664 1620 2698 antea
1650 2663 1732 2698 tam
1751 2659 1855 2697 male

39 2723 42 2725 Α
82 2726 179 2776 lecti
207 2738 248 2774 et
275 2732 476 2786 descripti,
509 2738 555 2772 ut
585 2733 786 2772 emendati
816 2733 949 2772 denuo
979 2731 1234 2784 proponendi
1264 2730 1428 2770 fuerint.
1485 2730 1568 2772 Qui
1597 2733 1748 2768 restant
1779 2728 1856 2767 cir-

84 2803 182 2844 citer
209 2805 284 2843 XC
313 2807 384 2844 aut
412 2804 594 2843 nondum
623 2803 768 2853 reperti
806 2806 900 2841 sunt
939 2806 1009 2841 aut
1049 2801 1289 2840 interierunt
1323 2800 1574 2850 neglegentia
1605 2803 1644 2838 et
1675 2797 1857 2837 socordia

31 2913 36 2916 .
83 2861 322 2927 incolarum,
353 2886 474 2924 quam
495 2873 661 2924 Capella
690 2877 730 2911 et
760 2871 968 2922 castigavit
1000 2885 1134 2910 severe
1156 2875 1195 2909 et
1220 2871 1327 2910 idem
1357 2869 1614 2921 indulgenter
1635 2867 1854 2920 excusavit,

34 2946 37 2990 J
86 2947 157 2984 aut
185 2942 361 2994 denique
392 2946 531 2982 extant
560 2942 605 2981 in
640 2941 873 2992 regionibus
913 2945 1023 2981 extra
1059 2940 1328 2990 Portugalliae
1364 2940 1464 2978 fines
1505 2938 1610 2990 sitis,
1652 2951 1750 2987 quas
1785 2937 1855 2976 ille

35 3042 40 3054 «
84 3026 170 3054 non
197 3012 310 3053 adiit.
371 3012 481 3052 Novi
510 3016 764 3051 accesserunt
794 3013 971 3063 XXXII,
1014 3025 1035 3049 e
1066 3010 1213 3061 quibus
1250 3009 1395 3061 viginti
1429 3021 1555 3060 paene
1586 3007 1732 3058 integri
1763 3012 1856 3046 sunt

36 3085 40 3094 '
86 3074 128 3123 et
154 3083 285 3124 bonae
314 3081 463 3133 frugis3
495 3081 641 3131 reliqui
670 3083 892 3131 fragmenta
923 3084 1017 3119 sunt
1046 3079 1181 3118 minus
1212 3078 1338 3117 utilia.
1391 3079 1438 3116 In
1459 3080 1628 3116 Bracara
1658 3076 1746 3128 ipsa
1775 3076 1855 3115 iam

34 3139 36 3141 V
86 3152 196 3193 notis
227 3152 401 3192 addendi
431 3156 544 3191 erant
574 3150 670 3190 novi
690 3150 903 3190 duodecim
927 3150 971 3189 in
990 3147 1110 3189 variis
1132 3148 1271 3200 oppidi
1300 3147 1483 3199 partibus
1514 3146 1661 3186 detecti
1692 3151 1732 3185 et
1764 3160 1854 3186 cum

38 3226 42 3262 1
83 3222 253 3274 reliquis
271 3222 355 3262 iam
377 3221 550 3273 expositi
578 3220 750 3273 publice·
766 3220 810 3259 in
838 3223 1024 3270 querceto
1056 3217 1265 3274 (o'p'asseio
1280 3218 1348 3258 das
1367 3214 1656 3270 Carvalheiras).
1704 3218 1854 3255 Eorum

85 3293 166 3334 dno
202 3296 333 3333 tresve
380 3292 575 3331 debentur
615 3291 773 3329 Albano
812 3290 967 3329 Bellino
1008 3289 1191 3340 scriptori
1229 3287 1479 3339 Bracarensi,
1524 3288 1572 3325 de
1614 3300 1693 3336 quo
1735 3299 1855 3337 supra

28 3391 35 3403 „
84 3361 174 3404 dixi
201 3375 241 3415 p.
263 3363 367 3413 4013
399 3375 448 3401 ex
479 3361 550 3413 eis,
583 3360 654 3410 qui
683 3359 891 3411 pertinent
916 3361 966 3398 ad
995 3358 1101 3398 viam
1122 3359 1299 3397 Bracara
1329 3359 1492 3396 Portum
1523 3353 1632 3410 (Cap.
1661 3353 1713 3409 I),
1752 3369 1855 3394 non-

8 3450 12 3460 ¹
85 3432 220 3472 nullos
248 3431 506 3483 indagaverat
535 3430 616 3469 iam
638 3432 860 3481 Sarmento,
893 3429 963 3479 qui
984 3428 1245 3477 antiquitates
1266 3427 1413 3478 patrias
1434 3439 1573 3465 omnes
1602 3425 1690 3476 pari
1719 3425 1853 3464 studio

21 3507 29 3559 Ἀ
87 3501 350 3554 amplectitur.
415 3503 587 3552 Operam
625 3500 806 3538 nondum
845 3499 1069 3537 absolutam
1108 3511 1192 3536 esse
1234 3497 1397 3548 Capella
1436 3496 1496 3534 vir
1536 3494 1854 3534 modestissimus
