2216 3796
378 310 472 356 308
1192 321 1319 355 ACTA

645 459 708 507 (C.
734 459 804 506 VI,
836 459 999 509 2024f)

431 541 495 588 [T.
529 538 738 586 Quinctius
770 538 993 589 Crispinus]
1027 539 1263 578 Valerianus

433 607 476 644 L.
511 605 699 644 Caninius
731 605 872 645 Gallus
904 619 982 645 cos.
1014 620 1049 645 a.
1072 621 1109 646 u.
1131 621 1162 645 c.
1184 608 1291 646 752?

486 766 588 803 Acta
617 778 652 803 a.
675 764 751 803 37?
781 764 845 813 (C.
869 766 941 814 VI,
963 765 1154 815 2025B)t

432 856 493 905 [L.
527 855 734 905 Caninius]
767 856 909 895 Gallus
941 869 1020 895 cos.
1053 871 1087 894 a.
1113 872 1147 895 u.
1170 871 1201 894 c.
1227 858 1333 896 752?
1567 858 1716 896 Fabius
1747 858 1966 909 [Persicus]
1999 882 2004 886 ·

432 923 614 972 [Paullus
645 923 813 973 Fainus
844 925 1030 963 Persicus
1061 938 1140 963 cos.
1172 939 1206 963 a.
1230 926 1280 962 34
1569 953 1786 964 ......

432 990 503 1029 Οη.
534 991 735 1029 Domitius
765 1004 847 1030 cos.
879 1006 912 1029 a.
937 991 986 1030 32
1564 992 1612 1030 L.
1644 992 1836 1032 Caninius
1868 992 2011 1033 Gallus

1572 1059 1644 1099 Cn.
1677 1061 1877 1101 Domitius
2007 1060 2011 1062 ’

489 1141 587 1177 Acta
617 1152 651 1178 a.
674 1140 724 1178 38
757 1153 880 1189 paene
902 1141 1018 1189 plena
1045 1146 1200 1178 servata
1229 1140 1397 1190 ideoque
1431 1141 1469 1177 in
1507 1140 1579 1177 hac
1614 1153 1770 1191 quoque
1799 1141 2033 1191 quaestione
2063 1142 2133 1179 uti-

378 1208 532 1245 lissima
561 1208 790 1245 consulares
820 1209 995 1257 quinque
1026 1208 1243 1255 nominant,
1273 1209 1340 1258 qui
1371 1208 1613 1246 collocantur
1644 1209 1716 1246 sic:

434 1277 508 1324 Ap.
540 1275 679 1316 Iunius
708 1275 868 1315 Silanus
899 1288 978 1313 cos.
1009 1289 1043 1313 a.
1068 1275 1138 1322 28,
1179 1288 1370 1324 nusquam
1409 1276 1494 1313 loco
1531 1276 1676 1326 prim0‚
1714 1276 1801 1314 loco
1839 1277 2010 1315 secundo
2045 1284 2137 1328 post
2191 1300 2198 1314 .

582 1342 791 1381 Camillum
823 1344 883 1381 bis
914 1343 953 1392 (c
982 1343 1046 1381 37.
1079 1345 1105 1380 d
1138 1343 1190 1392 1),
1222 1343 1319 1380 locis
1350 1343 1511 1393 reliquis
1543 1344 1580 1392 (c
1621 1345 1681 1382 14.
1714 1343 1777 1382 20.
1811 1343 1874 1382 28.
1919 1345 1947 1382 d
1977 1344 2038 1382 17.
2071 1345 2134 1383 23.
2195 1354 2202 1386 z

581 1411 643 1448 28.
666 1411 730 1449 34.
766 1424 784 1448 e
814 1411 856 1460 3)
889 1416 979 1460 post
1009 1412 1240 1448 consulares
1271 1411 1372 1448 infra
1402 1411 1626 1449 nominatos
1656 1423 1809 1459 omnes,
1844 1417 2037 1462 quatenus
2067 1412 2134 1450 ad·
2160 1407 2216 1470 ξ

581 1484 684 1526 suna

432 1546 479 1583 P.
511 1546 716 1583 Memmius
746 1546 924 1596 Regulus
955 1559 1034 1584 cos.
1067 1559 1102 1584 a.
1126 1548 1171 1585 31
1208 1547 1432 1585 nominatus
1463 1546 1583 1584 semel
1622 1553 1771 1585 tantum
1808 1559 1828 1585 e
1857 1547 1881 1584 4
1918 1552 2010 1597 post
2044 1559 2137 1586 con-

582 1614 733 1652 sulares
763 1614 948 1663 reliquos,
2064 1617 2066 1619 ’

433 1679 504 1719 Cn.
539 1680 740 1719 Domitius
772 1682 1060 1720 Ahenobarbus
1090 1695 1169 1720 cos.
1202 1695 1237 1719 a.
1260 1682 1310 1720 32
1347 1694 1539 1731 nusquam
1576 1683 1665 1720 loco
1699 1682 1847 1736 primo,
1887 1687 1978 1732 post
2006 1682 2138 1721 Persi·
2211 1691 2216 1722 ε

582 1762 668 1786 cum
701 1750 942 1799 plerumque,
975 1756 1066 1799 post
1096 1748 1304 1788 Camillum
1337 1756 1376 1788 et
1406 1749 1584 1789 Silanum
1617 1751 1739 1788 semel
1769 1750 1817 1799 (d
1846 1750 1900 1800 1),

435 1817 488 1854 Μ.
519 1816 664 1854 Furius
696 1815 891 1855 Camillus
920 1830 997 1855 cos.
1030 1831 1065 1855 a.
1088 1817 1137 1856 32
1170 1818 1258 1855 loco
1295 1817 1419 1866 primo
1456 1818 1516 1855 bis
1553 1817 1591 1866 (c
1620 1818 1685 1856 37.
1728 1819 1756 1859 d
1787 1819 1846 1868 1),
1879 1823 1972 1868 post
2004 1817 2136 1857 Persi·
2214 1851 2216 1855 .

580 1897 667 1922 cum
699 1891 737 1922 et
768 1885 1074 1923 Ahenobarbum
1107 1886 1348 1936 plerumque,

435 1951 599 1990 Paullus
628 1952 777 1990 Fabius
808 1952 993 1991 Persicus
1023 1965 1103 1991 cos.
1134 1966 1170 1991 a.
1193 1955 1243 1992 34
1284 1954 1370 1991 loco
1405 1954 1534 2003 primo
1570 1953 1799 2003 plerumque
1838 1953 1883 2002 (a
1915 1953 1978 1991 14.
2019 1953 2042 1991 b
2075 1953 2135 1991 10.

582 2033 601 2058 c
631 2019 763 2067 3.,13.
798 2020 860 2058 20.
894 2020 957 2058 27.
1008 2023 1035 2059 d
1067 2022 1128 2059 11.
1177 2035 1196 2059 e
1225 2021 1282 2070 9),
1313 2034 1334 2059 e
1364 2021 1559 2059 contrario
1589 2026 1681 2073 post
1709 2020 1881 2071 reliquos
1909 2021 2138 2059 consulares

580 2088 646 2137 qui
678 2088 822 2126 adsunt
850 2101 870 2127 c
900 2089 964 2126 37.
1013 2090 1040 2126 d
1069 2088 1106 2127 2.

380 2177 620 2217 Consulares
658 2180 697 2217 hi
733 2193 889 2229 semper
929 2182 1136 2229 praetoriis
1176 2186 1469 2230 praeponuntur
1504 2187 1543 2218 et
1580 2181 1656 2230 ipsi
1695 2193 1852 2230 quoque
1887 2180 2136 2230 aliquatenus

379 2253 486 2283 certo
516 2247 651 2284 ordine
681 2237 911 2297 procedunt,
944 2255 984 2286 ut
1013 2249 1163 2298 primus
1193 2249 1244 2286 sit
1272 2249 1501 2299 plerumque
1524 2248 1722 2296 Persicus,
1754 2248 1948 2286 secundus
1978 2248 2137 2291 Aheno·

379 2314 537 2361 barbus,
574 2316 713 2353 tertius
745 2315 955 2363 Camillus,
996 2322 1158 2366 quartus
1190 2315 1370 2362 Silanus3
1407 2317 1475 2354 sed
1505 2316 1538 2354 is
1568 2316 1664 2354 ordo
1694 2329 1820 2366 neque
1849 2320 2015 2354 aetatem
2045 2327 2136 2352 con-

380 2383 546 2420 sularem
579 2383 754 2432 sequitur
784 2389 820 2421 et
850 2397 1128 2432 saepenumero
1157 2385 1319 2434 insuper
1349 2384 1526 2421 habetur.
1590 2384 1758 2422 Arvales
1786 2396 1863 2421 non
1893 2383 2136 2427 consulares,

379 2450 445 2499 qui
476 2457 567 2488 sunt
596 2464 757 2489 numero
787 2458 972 2502 quattuor
1002 2457 1040 2489 et
1068 2466 1159 2490 raro
1190 2459 1469 2498 memorantur,
1501 2451 1547 2491 C.
1578 2451 1750 2490 Caecina
1778 2450 1950 2503 Largus,
1979 2450 2136 2499 Taurus

380 2516 562 2555 Statilius
585 2517 794 2565 Corvinus,
825 2518 874 2556 L.
896 2520 1053 2557 Annius
1072 2519 1316 2567 Vinicianus,
1348 2519 1392 2558 C.
1420 2518 1659 2569 Calpurnius
1685 2519 1783 2558 Piso
1814 2525 1998 2569 poterunt
2025 2530 2135 2556 revo-

379 2586 459 2623 cari
491 2585 540 2622 ad
570 2586 744 2624 ordinem
776 2586 951 2636 p‘arilem.

491 2654 593 2690 Acta
628 2654 717 2691 anni
751 2654 803 2691 40
838 2667 923 2692 cum
964 2655 1189 2693 sacerdotes
1227 2655 1292 2704 qui
1324 2655 1521 2692 adfuerint
1555 2658 1786 2692 recenseant
1814 2660 1891 2701 ter,
1935 2654 2037 2691 inter
2064 2653 2137 2690 hos

380 2721 600 2759 consularis
633 2727 693 2759 est
723 2722 876 2767 nullus‚·
904 2722 1071 2760 fortasse
1103 2736 1178 2760 non
1209 2735 1322 2769 casu,
1360 2723 1427 2759 sed
1459 2727 1619 2772 propter
1647 2721 1895 2771 imperatoris
1924 2721 2135 2758 iuvenilem

380 2790 720 2838 intemperantiam
743 2790 827 2827 sine
849 2789 968 2827 dubio
995 2791 1033 2827 in
1056 2790 1184 2840 epulis
1204 2790 1350 2828 talibus
1371 2791 1624 2839 conspicuam
1646 2796 1685 2827 et
1704 2789 1950 2840 gravioribus
1970 2787 2135 2838 collegis

380 2857 598 2895 molestam.
659 2855 734 2904 Qui
768 2857 914 2894 adsunt
942 2863 1194 2895 recensentur
1222 2857 1358 2895 ordine
1389 2863 1497 2895 certo
1527 2858 1657 2895 nullo:

381 2966 389 2974 .
423 2966 429 2973 .
464 2967 471 2974 .
505 2966 512 2973 .
544 2949 590 2974 us
991 2935 1035 2975 C.
1059 2935 1207 2975 Caesar
1228 2937 1332 2987 Aug.
1365 2936 1529 2975 Germa·
1599 2935 1645 2975 C.
1677 2935 1852 2975 Caecina
1881 2935 2034 2987 Largus

382 3006 432 3041 M.
465 3004 623 3042 Silanus
656 3004 754 3052 (cos.
776 3017 810 3042 a.
834 3003 904 3052 46)
1045 3005 1153 3042 nicus
1600 3004 1652 3041 M.
1685 3002 1845 3042 Silanus

382 3071 427 3110 C.
451 3071 622 3110 Caecina
638 3071 794 3121 Largus
818 3072 918 3118 (cos.
991 3071 1035 3109 C.
1067 3070 1239 3109 Caecina
1267 3071 1421 3121 Largus
1597 3070 1645 3108 L.
1676 3071 1828 3108 Annius
1850 3069 2080 3107 Vinicianus

436 3153 469 3177 a.
493 3138 564 3189 42)
991 3139 1148 3176 Taurus
1200 3138 1381 3178 Statilius
1430 3138 1528 3177 Cor·
1597 3137 1640 3176 C.
1675 3137 1913 3187 Calpurnius
1943 3137 2040 3174 Piso

381 3207 537 3244 Taurus
589 3205 770 3245 Statilius
822 3204 920 3244 Cor·
1046 3207 1159 3244 vinus

439 3275 553 3311 vinus
585 3274 681 3323 (cos.
712 3286 746 3310 a.
770 3274 841 3322 45)
990 3273 1038 3311 L.
1070 3275 1226 3311 Annius
1248 3274 1480 3312 Vinicianus

992 3340 1036 3378 C.
1070 3340 1311 3389 Calpurnius
1345 3342 1437 3379 Piso

992 3408 1044 3444 M.
1078 3408 1236 3446 Silanus
