2216 3796
645 351 916 384 convnn'rvs
953 352 1264 386 EMEm'rENffls
1734 339 1828 388 361

55 469 116 511 Ὑί
163 498 170 511 »-
213 476 397 518 consulto
434 475 644 516 institutae
684 481 791 516 sunt.
863 478 981 517 Unde
1016 476 1098 516 iam
1138 477 1255 518 inlati
1291 484 1386 519 sunt
1423 479 1469 519 in
1504 493 1689 520 museum
1726 479 1837 520 tituli

38 541 43 544 ’
138 550 228 587 ter
264 545 431 598 triginta
466 545 563 586 novi
590 559 672 585 una
703 559 795 585 cum
824 546 1058 598 fragmentis
1088 560 1233 587 novem
1271 547 1321 601 (n.
1357 548 1553 603 61—68).
1629 552 1838 590 Praeterea

66 617 90 644 5‘
114 637 145 650 *a
198 635 203 650 ;
238 615 369 656 Maria
397 616 538 668 Plano,
570 617 842 668 typographus
872 621 912 656 et
941 617 1191 667 antiquarius
1220 619 1498 672 Emeritensis,
1533 620 1667 659 studio
1695 620 1837 660 lauda-

66 696 100 722 ἰ.»
129 685 140 697 ’
178 687 312 727 denuo
350 686 507 726 edenda
546 686 697 725 curavit
735 699 855 736 opera
891 687 940 726 de
982 686 1290 738 antiquitatibus
1319 689 1519 728 Emeritae
1549 689 1630 729 iam
1660 691 1837 730 obsoleta

58 755 231 797 §³-1oreni
249 757 299 796 de
321 757 468 806 Vargas
495 754 706 808 (Emeritae
728 756 849 809 1892,
871 770 938 808 pp.
960 758 1054 808 516,
1075 754 1127 810 4.)
1156 762 1195 796 et
1215 758 1402 808 Gregorii
1422 761 1651 799 Fernandez
1671 774 1697 811 y
1717 761 1837 799 Perez

63 823 244 882 pistoria
270 825 317 865 de
344 825 403 864 lae
430 824 696 877 anthaeodades
723 825 768 864 de
798 825 966 878 Maricla,
999 825 1198 866 Emeritae
1220 824 1362 880 [1857]
1395 830 1514 881 1893,
1547 843 1614 880 pp.
1650 831 1742 882 112,
1767 827 1834 883 4.).

107 897 246 936 hodae
275 894 459 947 Fonteii,
503 907 604 946 quas
643 894 740 934 olim
775 896 924 935 frustra
961 895 1260 949 indagaveram,
1294 898 1427 936 denuo
1459 905 1768 949 comparuerunt
1798 904 1838 939 et

60 964 206 1007 :mrim
246 964 402 1018 publici
441 964 544 1005 iuris
584 965 713 1004 factae
755 969 852 1004 sunt
891 978 963 1016 per
1005 967 1176 1005 eundem
1219 967 1346 1005 Plano
1390 965 1579 1019 (Agustin
1625 969 1837 1008 Francisco

66 1028 221 1081 Fornax
247 1049 274 1087 y
310 1036 498 1088 Segarra,
535 1035 796 1086 antiqezedades
835 1035 880 1074 de
917 1035 1075 1074 Maricla
1110 1035 1218 1075 hasta
1255 1037 1291 1074 el
1325 1036 1478 1076 reinado
1517 1038 1561 1076 de
1591 1038 1647 1076 los
1675 1038 1836 1091 Arabes,

68 1105 272 1147 amorim
307 1105 428 1157 1893,
460 1117 528 1156 pp.
562 1105 658 1157 202,
683 1100 755 1158 4.),
789 1103 861 1155 qui
890 1109 930 1144 et
960 1104 1047 1156 ipse
1078 1106 1358 1156 supplementa
1387 1106 1514 1146 edidit
1544 1109 1595 1147 ad
1629 1114 1710 1147 tres
1744 1108 1838 1147 illos

51 1174 198 1217 -libron
227 1171 369 1229 (Pedi-o
399 1173 530 1214 Maria
558 1175 702 1227 Plano,
734 1174 1000 1224 ampliaeioms
1030 1178 1055 1214 ά
1085 1175 1123 1214 la
1153 1174 1312 1214 historia
1340 1176 1386 1215 de
1415 1176 1575 1216 Merida
1605 1178 1648 1217 de
1677 1178 1839 1217 Morene

18 1282 19 1286 ,
60 1242 115 1286 ''3ae
152 1245 318 1298 Varqm,
350 1244 500 1284 Formr
526 1257 554 1296 y
584 1244 821 1296 Femandez,
852 1244 1052 1284 Emeritae
1088 1245 1210 1298 1894,
1243 1260 1308 1297 pp.
1347 1247 1440 1299 128,
1465 1243 1532 1300 4.).
1602 1248 1636 1285 Ε
1672 1247 1840 1287 Forneri

21 1303 23 1306 ⁴
68 1314 228 1357 „hedis
266 1318 520 1355 accesserunt
556 1314 669 1354 tituli
706 1313 803 1353 novi
833 1318 922 1353 octo
954 1311 1007 1368 (n.
1043 1316 1110 1354 22.
1146 1316 1211 1355 33.
1246 1317 1312 1355 38.
1347 1317 1415 1356 39.
1450 1318 1517 1355 46.
1551 1319 1618 1356 47.
1654 1319 1720 1356 51.
1755 1314 1836 1371 60).

19 1407 21 1410 v
59 1387 233 1426 Aestate
271 1398 306 1424 a.
344 1385 452 1424 1894
483 1397 578 1423 casu
619 1383 768 1423 detecti
802 1388 898 1423 sunt
936 1398 960 1423 a
996 1385 1167 1436 Iosepho
1208 1385 1437 1425 Raimundo
1473 1386 1625 1426 Melida
1663 1392 1703 1426 et
1741 1387 1839 1426 Rai-

20 1455 23 1479 ²
56 1454 221 1496 *mundo
251 1453 374 1494 Vives
404 1454 534 1493 doctis
562 1453 868 1493 Matritensibus
905 1453 949 1493 in
979 1455 1142 1493 castello
1174 1456 1231 1494 las
1261 1456 1395 1494 Navae
1424 1456 1486 1494 del
1513 1457 1697 1510 Marque's
1726 1456 1839 1496 tituli

17 1534 22 1570 '‚
67 1512 339 1564 Emeritenses
367 1527 449 1563 tres
480 1522 532 1576 (n.
563 1525 661 1563 470.
695 1525 790 1563 496.
826 1521 924 1577 518)
956 1528 996 1563 et
1024 1525 1294 1576 fragmentum
1324 1526 1433 1575 quod
1463 1531 1644 1577 superest
1674 1526 1840 1565 unicum

3 1602 16 1638 ῥ’
69 1593 182 1635 tituli
209 1593 403 1646 insignis,
437 1593 509 1644 qui
537 1595 740 1632 theatrum
768 1592 1019 1633 Emeritense
1050 1595 1099 1632 ab
1130 1594 1337 1633 Hadriano
1369 1595 1600 1634 restitutum
1631 1600 1841 1635 ornaverat

38 1661 124 1720 ;»(ἰι.
147 1665 230 1711 478
244 1660 296 1718 α),
326 1662 424 1703 item
446 1663 682 1715 Caperensis
702 1676 809 1702 unus
835 1661 888 1717 (n.
915 1661 1034 1718 813);
1065 1669 1271 1715 praeterea
1301 1664 1446 1703 inediti
1476 1670 1665 1715 quattuor
1696 1670 1735 1704 et
1761 1665 1842 1717 ipsi

40 1733 250 1785 'insignes
278 1732 496 1773 maximam
525 1737 693 1784 partem.
739 1732 1011 1772 Emeritenses
1041 1733 1123 1773 iam
1153 1738 1272 1773 notos
1291 1735 1490 1774 Emeritae
1511 1734 1699 1774 viderunt
1719 1739 1840 1775 testes

9 1799 11 1802 ⁴
47 1795 50 1801 ⁴
69 1802 318 1855 antiquiores
345 1804 551 1854 Docampo
571 1803 829 1842 Mameranus
849 1803 1091 1854 Accursius3
1123 1803 1341 1843 abstulerat
1372 1817 1440 1843 eos
1472 1805 1631 1843 saeculo
1652 1806 1749 1844 XVI
1770 1819 1840 1844 ex-

0 1860 21 1934 ,³
46 1859 47 1862 ¹
71 1877 192 1914 eunte
220 1872 265 1913 in
295 1873 504 1913 castellum
535 1886 655 1912 suum
685 1886 813 1924 nuper
843 1873 1051 1912 conditum
1081 1874 1125 1912 de
1156 1874 1214 1912 las
1233 1874 1378 1926 Navae,
1413 1873 1535 1912 situm
1565 1873 1669 1913 illud
1699 1889 1721 1913 a
1750 1876 1840 1914 Ma-

9 1935 42 1987 ³]
67 1943 167 1986 ¹trito
195 1956 336 1983 versus
365 1944 662 1994 septentriones
691 1947 733 1982 et
762 1942 1010 1982 occidentem
1040 1943 1084 1982 in
1114 1943 1320 1983 montibus
1350 1945 1394 1982 de
1427 1943 1699 1983 Guadarrama
1736 1944 1841 1984 inter

27 2011 29 2014 ’
72 2013 231 2054 venado
261 2011 428 2054 Villalba
446 2018 486 2052 et
509 2011 687 2052 cebo-eros
715 2013 837 2065 vicos,
870 2014 1013 2053 Petrus
1043 2014 1092 2052 de
1122 2013 1243 2052 Avila
1271 2013 1423 2065 primus
1454 2014 1732 2052 marchionum
1753 2014 1841 2053 eius

39 2134 41 2137 ι
67 2083 258 2125 nominis.
317 2085 454 2134 Atque
491 2087 680 2133 quattuor
716 2082 779 2121 illi
815 2080 961 2122 inediti
1001 2083 1088 2122 sine
1125 2084 1247 2122 dubio
1280 2088 1320 2122 et
1349 2083 1429 2134 ipsi
1458 2083 1636 2123 Emerita
1668 2098 1714 2123 eo
1746 2097 1838 2135 per-

68 2157 284 2207 venerunt,
314 2158 363 2193 ut
389 2165 455 2193 res
485 2154 630 2192 docent
660 2166 760 2203 quas
790 2152 1010 2192 continent.
1074 2152 1271 2192 Collocati
1299 2153 1359 2192 ibi
1390 2158 1485 2192 sunt
1513 2159 1605 2204 apte
1635 2153 1679 2192 in
1707 2154 1840 2205 parie-

11 2228 18 2235 ‘'
68 2222 179 2264 tibus
214 2222 398 2263 cenaculi
434 2222 600 2262 maioris
639 2219 690 2276 (el
726 2223 835 2261 salon
865 2220 1092 2276 principat),
1138 2223 1261 2262 curtis
1302 2220 1352 2277 (el
1391 2220 1547 2277 zaquan)
1587 2228 1626 2262 et
1661 2224 1840 2274 porticus

0 2291 7 2331 Ῐ
36 2295 45 2346 η’
73 2292 294 2346 superioris
325 2290 379 2347 (la
404 2292 552 2346 yakm'a
581 2292 660 2332 alta
695 2294 758 2332 del
783 2290 928 2346 patio);
968 2293 1038 2331 sed
1080 2293 1289 2332 castellum
1329 2293 1690 2346 elegantissimum,
1731 2295 1840 2343 quod.

69 2376 178 2404 nuno
206 2367 270 2403 est
297 2362 481 2403 ducissae
511 2363 560 2401 de
590 2363 834 2402 Medinaceli
864 2368 903 2401 et
933 2363 983 2401 de
1012 2363 1161 2415 Denia,
1203 2376 1332 2413 paene
1362 2376 1535 2401 vacuum
1563 2363 1750 2402 relictum
1780 2368 1840 2401 est

3 2418 30 2479 js
70 2437 110 2472 et
137 2431 278 2473 minae
305 2432 546 2485 proximum.
607 2433 875 2472 Monumenta
904 2432 976 2471 illa
1005 2437 1162 2471 vetusta
1191 2432 1250 2471 ibi
1286 2437 1420 2471 extare
1458 2446 1622 2484 prorsus
1657 2433 1701 2471 in
1738 2431 1841 2471 obli-

7 2519 37 2562 ἐς,
68 2502 231 2545 *ionem
260 2507 434 2544 cesserat
462 2502 568 2542 inter
597 2501 826 2554 Hispanos;
868 2516 985 2541 nemo
1025 2516 1216 2552 umquam
1255 2508 1450 2552 quantum
1481 2502 1563 2541 scio
1594 2502 1841 2541 mentionem

70 2586 210 2613 eorum
238 2571 335 2612 fecit
362 2573 458 2612 inde
489 2573 538 2612 ab
568 2572 639 2612 illa
668 2576 809 2612 aetate.
862 2573 983 2614 Quod
1013 2585 1121 2611 nunc
1152 2573 1314 2611 demum
1344 2572 1609 2611 innotuerunt
1638 2586 1720 2610 una
1749 2585 1841 2611 cum

71 2655 211 2683 museo
247 2641 485 2694 provinciali
523 2642 684 2682 condito
725 2655 837 2692 spem
873 2643 1081 2681 confirmat
1117 2643 1204 2681 fore
1234 2647 1281 2681 ut
1308 2655 1372 2681 res
1403 2641 1657 2693 epigraphica
1685 2641 1842 2681 Emeri-

72 2712 198 2753 tensis
229 2712 300 2752 diu
328 2712 512 2763 neglecta
541 2713 674 2751 denuo
706 2713 941 2751 efflorescat.

185 2783 296 2822 Inter
321 2781 605 2831 Almmdralqjo
636 2786 676 2820 et
710 2782 949 2834 Teumesia,
982 2795 1065 2820 non
1095 2782 1236 2832 procul
1267 2782 1315 2820 ab
1346 2781 1523 2820 Emerita
1551 2794 1689 2820 versus
1710 2781 1841 2819 Santi-

25 2883 27 2886 .
68 2850 204 2906 Mn,
243 2851 401 2892 mansio
442 2851 643 2903 Caspiana
684 2857 768 2890 erat
797 2847 995 2903 (Κάπασα
1024 2848 1316 2905 Ptolemaei?);
1359 2853 1408 2890 cf.
1441 2850 1650 2902 Anonymi
1679 2851 1840 2889 libellus

70 2923 120 2963 de
148 2920 246 2961 vitis
275 2926 316 2961 et
343 2920 550 2960 miraculis
578 2925 738 2972 patrum
767 2921 1079 2960 Emeritensium
1109 2921 1234 2959 Paulo
1259 2921 1428 2960 diacono
1450 2919 1691 2959 Emeritensi
1721 2921 1840 2970 vulgo

18 2987 23 3023 s
71 2990 293 3043 inscriptus
323 3021 333 3031 .
351 3020 362 3030 .
381 3021 391 3030 .
423 2991 485 3030 ed.
519 3020 530 3030 .
552 3019 564 3030 .
595 2991 645 3029 de
677 2992 814 3030 Smedt
844 2993 883 3030 S.
916 2993 948 3030 Ι.
980 2991 1276 3041 hagiographus
1307 2989 1595 3029 Bollandianus
1626 2987 1840 3043 (Bruxellis

74 3056 201 3115 1881)
229 3074 270 3112 p.
303 3062 356 3100 67
390 3065 431 3100 et
460 3060 531 3100 bol.
563 3061 609 3099 de
638 3061 677 3099 la
707 3060 829 3099 Acad.
861 3062 899 3099 V
935 3061 1043 3099 1884
1075 3074 1113 3110 p.
1149 3062 1244 3099 204.

69 3226 110 3253 n.
143 3214 226 3252 464
257 3211 348 3252 Fita
378 3211 448 3252 bol.
471 3213 517 3251 de
547 3213 585 3251 la
614 3211 737 3251 Acad.
759 3212 875 3251 XXV
901 3214 1007 3252 1894
1040 3227 1078 3262 p.
1105 3214 1170 3263 96,
1193 3214 1257 3250 56.
1379 3213 1461 3251 468
1494 3211 1584 3250 Fita
1614 3225 1652 3261 p.
1683 3213 1748 3263 95,
1772 3214 1839 3251 54.

14 3269 15 3273 ’
129 3283 213 3322 470
244 3282 335 3321 mta
363 3295 401 3333 p.
431 3283 631 3334 161,148.
753 3284 831 3320 471
864 3282 953 3321 Fita
982 3296 1020 3333 p.
1046 3283 1190 3334 95,55.
1242 3283 1327 3320 lam
1358 3286 1419 3320 est
1448 3280 1491 3318 in
1521 3294 1673 3332 museo,
1706 3282 1842 3320 tabula

0 3395 18 3406 „-
131 3351 213 3391 alta
242 3364 294 3391 m.
330 3354 439 3403 0.l6,
472 3353 554 3390 lata
587 3353 696 3404 0.48,
729 3351 878 3390 litteris
908 3351 1000 3390 altis
1030 3365 1082 3390 m.
1118 3353 1226 3390 0.06.
1347 3352 1429 3389 474
1462 3350 1552 3389 Fita
1581 3365 1618 3402 p.
1659 3352 1749 3402 100,
1771 3352 1835 3390 58.

0 3406 18 3462 ⁸<
130 3422 213 3460 475
253 3422 338 3460 Iam
373 3421 418 3460 in
453 3434 606 3460 museo.
668 3420 758 3460 Fita
787 3435 825 3472 p.
864 3423 955 3472 101,
981 3423 1032 3459 59
1071 3421 1142 3470 qui
1178 3425 1363 3471 ectypum
1399 3419 1529 3470 misit3
1571 3422 1840 3469 fragmentum

0 3459 26 3543 t
130 3490 256 3529 altum
285 3503 337 3528 m.
373 3492 483 3541 0.32,
515 3491 644 3529 latum
674 3492 785 3530 0.37.
911 3491 1028 3529 478k
1058 3492 1343 3541 Fragmentum
1374 3494 1483 3528 extat
1514 3490 1556 3528 in
1589 3489 1751 3528 castello
1783 3490 1842 3528 las
