2216 3796
675 327 918 364 LvnoavM
953 327 1319 365 SAECVLARIVM.
1793 312 1889 362 239

131 433 280 495 ῘζῃῖΙίις
309 444 444 494 immo,
475 445 511 484 si
542 444 635 496 quid
662 445 790 493 video,
820 458 929 483 mera
948 444 1120 483 Liviana
1148 445 1496 493 inconsiderantia,
1527 443 1632 496 quod
1660 443 1778 482 ludos
1808 455 1893 482 sae-

128 499 155 565 ff
205 545 207 548 v
237 525 271 554 ι
289 513 460 566 Augusti
491 513 731 552 centenariis
761 512 842 551 illis
874 525 1011 552 secure
1041 512 1236 563 adiungit,
1267 513 1510 564 posteriores
1539 513 1580 551 in
1601 525 1774 551 errorem
1799 525 1892 551 eun·

124 572 134 579 ’ἒ
158 579 169 583 ⁴
229 582 402 623 induxit.
444 581 551 621 Nam
580 582 752 632 ineptam
786 582 1060 627 temeritatem,
1093 586 1134 619 ut
1162 581 1244 619 ludi
1266 582 1453 620 celebrati
1476 582 1723 620 sollemniter
1752 595 1787 620 a.
1811 580 1890 620 505

151 650 316 692 60518
346 651 531 690 omnibus
561 651 760 689 veteribus
790 650 1002 688 annalibus
1034 650 1191 688 abunde
1220 651 1354 688 testati
1388 650 1428 687 in
1460 650 1561 688 alios
1593 662 1718 688 annos
1749 649 1890 688 traice-

140 717 257 777 futur,
286 717 431 772 Capito
460 725 564 758 certe
593 731 671 758 non
701 719 913 765 commisit,
944 731 968 756 a
997 731 1075 768 quo
1108 718 1276 768 Augusti
1305 718 1416 757 iussu
1446 731 1560 758 sacra
1589 719 1772 758 ordinata
1800 730 1890 757 esse

143 786 316 828 duntur
328 786 380 839 ¹).
425 786 587 827 Scilicet
614 799 702 826 cum
723 787 954 838 Augustum
983 799 1121 825 omnes
1152 787 1401 825 consentiant
1429 787 1547 826 ludos
1575 787 1800 826 saeculares
1828 800 1888 825 re-

126 837 161 869 ῤ’
189 856 293 902 iseo
314 861 517 907 tamquam
546 854 795 895 intermissos
823 861 864 894 et
892 855 1182 907 quodammodo
1203 855 1376 894 abolitos
1390 854 1442 905 ²),
1474 860 1579 894 certe
1608 856 1677 906 qui
1707 856 1888 906 proxime

133 909 163 971 1⁸⁴
212 944 223 957 ν
258 937 343 969 ere
372 923 571 964 debebant
601 923 685 963 ludi
721 923 820 962 nulli
855 923 1003 963 fuerint
1033 935 1198 963 necesse
1227 930 1300 962 est.
1358 924 1417 963 At
1444 924 1528 962 ludi
1558 937 1594 963 a.
1618 925 1696 963 737
1729 925 1764 962 si
1794 930 1888 963 sunt

144 988 398 1042 adobrui,
433 1000 478 1033 ut
505 992 635 1044 quinti
664 998 802 1032 essent
830 998 922 1044 post
949 998 1111 1043 quartos
1141 992 1270 1031 editos
1301 1005 1337 1030 a.
1361 992 1516 1041 60518,
1552 993 1621 1031 id
1622 1006 1671 1032 ne
1702 993 1887 1032 contendi

200 1061 441 1115 anpotuit·
475 1066 615 1101 contra
643 1062 679 1101 si
708 1061 919 1113 collegium
951 1061 1000 1100 de
1029 1073 1128 1100 aevo
1157 1061 1228 1099 illo
1259 1059 1484 1100 CCCCXL
1513 1074 1708 1100 annorum
1739 1062 1887 1112 cogita-

108 1087 180 1180 {Q
200 1073 292 1171 hcc
319 1142 364 1171 se
398 1131 498 1170 tueri
535 1135 708 1181 poterat,
745 1131 851 1181 quod
887 1130 1070 1169 ludorum
1103 1130 1319 1169 secundum
1355 1143 1536 1169 normam
1566 1143 1653 1169 eam
1688 1130 1730 1169 in
1760 1143 1885 1169 annos

218 1198 315 1240 408.
336 1199 431 1240 518.
453 1197 532 1238 628
561 1199 820 1238 incidentium
851 1199 1083 1238 memoriam
1106 1199 1272 1238 annales
1302 1199 1451 1238 nullam
1484 1192 1695 1248 habebant,
1726 1211 1884 1238 carmen

164 1280 232 1309 --111
261 1266 443 1320 Sibyllae
470 1267 519 1306 de
549 1268 710 1307 saeculo
741 1267 818 1308 CX
839 1280 1044 1316 annorum,
1073 1269 1179 1319 quod
1208 1268 1572 1316 circumferebatur,
1603 1268 1748 1307 editum
1780 1268 1884 1307 dice-

180 1357 184 1369 ι
219 1348 340 1377 ¹anno
360 1335 440 1376 628
470 1323 538 1388 pia
555 1337 696 1376 fraude
717 1342 761 1375 ut
780 1336 936 1376 videtur
966 1335 1107 1388 (supra
1135 1350 1174 1387 p.
1198 1337 1307 1388 235).
1355 1337 1578 1377 Secundum
1599 1337 1697 1376 haec
1726 1343 1883 1390 poterat

106 1451 125 1458 ,„
204 1405 276 1447 tio
303 1404 362 1445 ita
389 1404 568 1452 formari,
602 1412 646 1444 ut
674 1406 850 1444 carmine
879 1405 948 1444 illo
981 1404 1139 1456 Sibylla
1168 1406 1394 1445 crederetur
1423 1406 1542 1444 ludos
1573 1418 1676 1445 anno
1708 1405 1787 1446 628
1819 1407 1882 1445 edi

89 1456 121 1536 ἶ
149 1474 280 1524 uisse,
310 1474 382 1514 sed
411 1474 448 1513 ei
476 1474 644 1514 iussioni
674 1487 752 1514 non
784 1486 872 1514 esse
901 1475 1231 1525 obtemperatum,
1261 1475 1395 1526 itaque
1425 1475 1502 1514 iam
1534 1475 1697 1514 saeculo
1719 1474 1794 1514 CX
1813 1489 1881 1514 an-

123 1554 240 1593 χχιιι
269 1543 351 1585 dio
378 1542 492 1583 finito
520 1543 735 1583 editionem
765 1544 872 1582 iusto
901 1550 1079 1594 tempore
1114 1543 1388 1595 redintegrari.
1449 1542 1555 1583 Sane
1585 1544 1768 1583 ludorum
1798 1557 1881 1584 sae-

161 1612 288 1653 arium
322 1611 498 1664 antiquis
533 1611 837 1651 substitutorum
873 1612 1141 1652 diversitatem
1181 1625 1260 1651 non
1300 1613 1358 1651 ita
1392 1613 1599 1665 Augustus
1637 1614 1880 1663 proclamari

132 1685 239 1732 yut,
261 1685 309 1726 ut
335 1680 384 1721 de
413 1693 462 1720 ea
488 1682 613 1720 errari
644 1693 724 1720 non
753 1687 893 1732 posset
922 1686 961 1720 et
980 1682 1050 1720 vix
1079 1693 1197 1732 aegre
1217 1681 1306 1720 tulit
1329 1682 1548 1733 imperator
1567 1681 1676 1733 vulgi
1705 1694 1878 1722 errorem

188 1770 230 1801 ιι,
257 1749 416 1802 qualem
437 1749 640 1789 commisit
659 1749 798 1789 Livius
820 1750 1182 1801 commiseruntque
1207 1751 1292 1789 eius
1310 1751 1493 1801 vestigiis
1524 1751 1754 1790 insistentes
1776 1750 1879 1790 Cen-

160 1807 252 1860 ὁ11118
278 1823 320 1859 et
338 1818 543 1867 Zosimus3
575 1818 644 1858 sed
665 1819 892 1858 sacerdotes
914 1819 1000 1858 eius
1020 1819 1178 1867 aetatis,
1210 1825 1251 1858 ut
1271 1819 1385 1858 decet
1406 1820 1571 1868 aulicos,
1602 1820 1756 1859 mentiti
1787 1827 1879 1859 sunt

79 1883 183 1941 4³⁷³*
211 1887 345 1940 aliquo
373 1887 539 1940 pudore.

67 2051 143 2082 ῑζίέωῦ
157 2061 173 2077 ‚³1

72 2095 75 2097 ,
195 2108 229 2153 ²)
265 2109 359 2144 Vide
384 2108 466 2143 adn.
485 2110 518 2142 2.
571 2108 695 2152 Capito
722 2109 842 2142 consul
872 2109 982 2143 factus
1016 2119 1048 2142 a.
1075 2120 1108 2143 u.
1137 2120 1165 2142 c.
1187 2110 1255 2142 758
1286 2122 1330 2136 =
1357 2120 1391 2152 p.
1411 2109 1492 2143 Chr.
1514 2110 1533 2143 5
1561 2110 1729 2151 fascibus,
1764 2116 1802 2144 nt
1827 2112 1875 2144 ait

62 2161 234 2249 {Mtte
258 2182 341 2207 ann.
359 2171 394 2214 3,
413 2171 472 2213 75,
500 2171 709 2213 acceleratis,
736 2176 891 2205 mortuus
916 2182 948 2204 a.
975 2182 1008 2204 ιι.
1036 2182 1064 2204 c.
1085 2171 1154 2204 775
1183 2185 1228 2198 =
1255 2182 1289 2215 p.
1309 2171 1391 2205 Chr.
1412 2173 1456 2204 22
1485 2177 1556 2205 tum
1584 2183 1659 2205 cum
1686 2173 1770 2206 editi
1797 2179 1875 2207 sunt

104 2234 166 2270 di
186 2234 387 2286 saeculares
417 2234 550 2268 iuvenis
580 2233 684 2267 fuerit
715 2243 853 2267 necesse
885 2239 946 2267 est.
999 2233 1102 2274 Quod
1135 2235 1165 2267 si
1197 2244 1241 2267 ex
1269 2234 1382 2268 Taciti
1409 2234 1523 2268 verbis
1557 2234 1623 2267 hoc
1654 2235 1874 2269 efficiendum

58 2271 187 2343 {aaut
205 2306 284 2331 eum
309 2301 388 2331 ante
413 2305 543 2330 annum
568 2306 667 2329 snum
693 2297 868 2330 consulem
893 2296 1021 2329 factum
1049 2306 1133 2337 esse,
1166 2297 1203 2328 id
1230 2301 1280 2329 est
1306 2301 1385 2329 ante
1412 2307 1541 2330 annum
1568 2297 1716 2330 natalem
1744 2298 1872 2331 tricesi-

68 2353 86 2394 ζ”·
126 2377 139 2391 ,ι
160 2377 175 2386 -·
192 2384 203 2402 ,
232 2359 271 2393 in
294 2358 524 2394 “ocularibus
551 2358 754 2392 ordinandis
786 2363 901 2401 partes
933 2359 1006 2391 eius
1034 2358 1148 2391 nullae
1174 2368 1247 2391 esse
1281 2363 1476 2402 potuerunt.
1528 2358 1598 2393 Sed
1624 2370 1703 2393 vere
1730 2361 1872 2394 Tacitus

67 2409 157 2479 {too
179 2425 314 2457 nutum
339 2420 423 2454 dicit
439 2420 648 2464 Augustum,
677 2431 753 2454 cum
771 2420 890 2454 Labeo
909 2420 1079 2463 Capitone
1106 2424 1217 2454 aetate
1243 2421 1355 2454 maior
1377 2421 1413 2454 in
1432 2421 1553 2454 ordine
1579 2423 1754 2464 praetorio
1780 2423 1871 2456 huuc

86 2491 96 2517 .’
159 2507 168 2513 .
200 2487 326 2526 wei-et,
358 2482 520 2526 capitoni
545 2482 657 2516 fasces
681 2487 784 2516 antea
809 2482 961 2524 dedisse,
997 2493 1098 2526 quam
1125 2483 1337 2516 consuetudo
1362 2484 1553 2526 requireret
1577 2484 1614 2517 in
1642 2485 1716 2518 viro
1741 2494 1869 2528 nequa-

58 2556 98 2602 ᾗ·
120 2564 122 2572 =
166 2563 181 2574 ··
215 2555 370 2581 summae
394 2544 596 2579 nobilitatis.
646 2544 769 2588 Itaque
794 2545 892 2578 nihil
907 2545 1032 2587 obstat,
1065 2546 1248 2588 quominus
1274 2545 1398 2589 Capito
1425 2550 1525 2579 natus
1551 2546 1595 2579 sit
1622 2546 1771 2580 Caesare
1797 2547 1868 2580 dic-

115 2673 159 2694 >²
188 2667 224 2712 ²)
259 2669 377 2705 Ludos
408 2679 468 2704 eos
501 2660 680 2703 enumerat
705 2668 890 2703 Suetonius
915 2670 1006 2712 Aug.
1031 2669 1075 2702 31
1103 2670 1195 2703 inter
1219 2669 1390 2714 paulatim
1423 2668 1552 2703 abolita
1583 2681 1624 2704 esc
1654 2670 1868 2704 caerimoniis

48 2743 49 2746 ’
71 2730 252 2778 αώ’μηε
282 2731 376 2765 idem
402 2732 451 2765 ait
479 2731 620 2774 (Claud.
640 2730 700 2773 21)
728 2731 912 2765 Claudium
938 2732 974 2764 in
999 2731 1153 2765 historiis
1179 2733 1249 2766 suis
1275 2733 1409 2766 tradere
1435 2733 1641 2766 intermissos
1665 2743 1721 2766 eos
1747 2733 1865 2777 Anqu-

87 2840 89 2843 Ι
136 2815 149 2822 ,.
190 2793 294 2828 multo
316 2797 402 2840 post
425 2793 678 2838 diliqentiesime
704 2804 865 2826 annorum
895 2794 1027 2827 ratione
1053 2792 1217 2830 subducta
1241 2795 1278 2828 in
1304 2794 1452 2828 ordinem
1476 2794 1657 2839 redeqisse.
1700 2796 1867 2831 Similiter

70 2849 104 2897 ’ἴ
107 2849 125 2884 ”ι
169 2859 173 2862 ”
199 2871 213 2881 ·=
230 2868 257 2890 z
288 2847 407 2898 ταντης
431 2853 483 2887 ἐπὶ
507 2847 634 2903 χρόνον
658 2853 717 2897 τῆς
741 2851 869 2893 θυσίας
896 2851 1136 2901 αμεληθείσης
1166 2846 1269 2894 αυθίς
1291 2867 1384 2889 τινων
1411 2850 1642 2902 συμπεσόντων
1668 2852 1865 2901 ἆποθυμίων

61 2907 283 2959 &eumve
314 2928 372 2960 την
403 2908 515 2963 ἑορτην
538 2907 765 2958 Ὀκταβιανος
796 2911 814 2949 ὅ
840 2910 1034 2959 Σεβαστός,
1072 2928 1127 2950 τον
1152 2908 1286 2963 θεσμον
1309 2912 1447 2961 Ἀτηίου
1472 2916 1668 2957 Καπίτωνος
1701 2917 1862 2964 ἐξηγησα-

52 3006 64 3033 ἶ.
71 2977 192 3043 ἔιόνου,
217 2970 294 3018 ‘mic
317 2971 474 3028 χρὸνους,
502 2973 588 3012 καθ’
606 2989 660 3017 ους
685 2976 752 3011 ἔδει
769 2990 826 3021 την
843 2976 970 3012 θυσίαν
986 2976 1150 3024 γενέσθαι
1168 2978 1221 3013 καὶ
1239 2991 1296 3022 την
1313 2975 1459 3026 θεωρίαν
1478 2979 1648 3028 αχθῆναι,
1674 2979 1735 3013 τῶν
1752 2992 1861 3013 πεντε-

145 3052 218 3077 um
248 3035 389 3087 ἄνδρων,
425 3037 459 3074 οἳ
488 3052 529 3074 τα
557 3033 736 3083 Σιβυλλης
764 3038 925 3085 θέσφατα
956 3034 1135 3086 φυλάττειν
1161 3034 1381 3090 ἐτέχθησαν,
1419 3035 1712 3085 ἆνερευνησαντων.
1765 3044 1862 3076 Haec
1895 3042 1907 3047 ”

52 3094 161 3149 1ριι
188 3107 281 3139 reete
306 3103 432 3138 tradita
456 3109 535 3138 sunt
559 3113 624 3137 nec
648 3104 852 3137 coniecturis
878 3105 1097 3146 temptanda·
1133 3105 1222 3137 inter
1247 3095 1361 3150 ἐορτην
1387 3109 1419 3137 et
1445 3096 1502 3136 ·ro¹v
1528 3095 1662 3150 ,θεσμον
1687 3105 1778 3148 quod
1805 3116 1860 3138 co-

54 3173 62 3192 '-
89 3171 120 3193 ’ω
175 3166 365 3210 interponit
387 3155 514 3199 ὖπᾶτων
542 3177 640 3198 οντων
656 3160 802 3198 Λουκίου
821 3162 1036 3210 Κηνσωρίνου
1061 3164 1114 3198 καὶ
1142 3158 1281 3211 Μοῖρκου
1307 3163 1473 3199 Μαλλίου
1500 3161 1676 3209 Πουηλίου
1701 3177 1745 3200 ex
1770 3178 1859 3200 111111-

48 3223 164 3318 >,juitiis
188 3227 320 3262 intrusa
345 3233 380 3261 et
410 3228 616 3272 pertinentia
643 3227 687 3260 ad
711 3227 902 3260 saecularia
927 3237 958 3260 a.
979 3228 1048 3261 605
1077 3228 1235 3261 videntur
1267 3238 1346 3271 pars
1373 3239 1445 3262 esse
1476 3239 1594 3262 eorum
1621 3239 1708 3272 quae
1739 3230 1858 3272 paullo

152 3293 266 3333 post
289 3282 477 3335 καθήγισαν
503 3290 716 3324 exciderunt.
757 3288 897 3323 Scilicet
923 3289 972 3322 ita
996 3289 1153 3323 Zosimus
1179 3290 1332 3323 narravit
1350 3290 1531 3324 'oraculum
1559 3290 1713 3334 Sibyllae
1739 3292 1782 3324 de
1807 3292 1858 3324 lu-

121 3350 391 3387 ὀίω-10115115
416 3352 628 3386 celebrandis
654 3351 783 3384 editum
803 3360 877 3383 esse
903 3361 935 3383 a.
956 3351 1026 3384 505
1054 3356 1088 3384 et
1113 3352 1298 3385 secundum
1325 3353 1361 3384 id
1387 3357 1456 3385 tam
1483 3362 1524 3385 eo
1543 3362 1634 3386 anno
1659 3354 1759 3387 ludos
1785 3354 1857 3386 edi-

34 3402 64 3438 s
70 3374 135 3448 ὧι
160 3423 262 3458 quam
287 3423 319 3447 a.
338 3414 422 3455 605,
448 3414 618 3448 adnotans
643 3413 713 3446 iam
738 3422 769 3446 a.
789 3412 860 3445 406
887 3413 1015 3446 similes
1040 3413 1141 3447 ludos
1167 3424 1240 3447 esse
1266 3414 1465 3456 celebratos,
1492 3415 1559 3447 illis
1577 3416 1702 3448 deinde
1724 3426 1855 3450 succes-

28 3507 36 3514 ..
45 3463 165 3529 Jtiflfle
188 3475 290 3510 rebus
314 3475 452 3510 interim
477 3475 622 3509 turbatis
645 3475 745 3508 ludos
769 3474 920 3518 Augusti
944 3485 975 3508 a.
997 3475 1079 3509 737.
