2216 3796
3 3441 31 3549 {f
105 3484 175 3512 tam
201 3487 275 3511 eam
302 3478 419 3510 inferri
447 3484 601 3521 coeptam
628 3488 701 3510 esse
728 3478 844 3510 statuit
870 3477 1052 3510 Henzenus
1078 3487 1110 3518 p.
1133 3477 1213 3508 128.

0 3571 21 3590 4·

0 3584 24 3655 ἂ

699 343 767 376 An
804 341 932 375 ACTA
969 341 1238 375 ARvAva.
1756 325 1853 372 349

54 454 57 455 ⁷
87 462 231 502 bantur
244 461 304 512 ¹),
342 473 429 500 cum
461 468 578 498 antea
607 460 663 497 ita
692 458 1018 496 continuarentur
1048 464 1088 495 ut
1118 457 1312 495 interdum
1345 457 1437 495 anni
1476 468 1603 506 neque
1638 455 1857 504 inciperent

87 544 111 570 a
139 529 347 583 principiis
377 528 618 575 tabularum,
648 540 774 578 neque
804 527 843 564 in
875 527 952 564 fine
982 539 1114 563 earum
1146 525 1300 563 exirent
1330 525 1513 573 (Henzen
1544 538 1581 574 p.
1605 523 1674 573 X).
1741 522 1859 571 Quod

86 611 167 651 quo
197 596 647 650 planius'intellegatur‚
678 595 890 646 imaginem
921 594 1143 632 tabularum
1176 593 1423 643 quarundam
1450 593 1499 631 ad
1516 591 1754 642 Vespasiani
1776 590 1857 630 Titi

87 666 308 707 Domitiani
338 672 519 716 tempora
549 663 786 714 pertinentia
815 662 1017 701 subiunxi.

198 733 353 787 Singuli
395 733 516 785 igitur
559 733 649 771 anni
692 731 784 770 inde
827 745 850 769 a
890 730 1137 780 temporibus
1172 729 1394 768 Domitiani
1438 729 1644 768 marmoris
1687 729 1858 779 spatium

87 803 338 854 occupabant
365 802 489 840 latum
519 800 732 850 aliquoties
764 799 853 850 plus
884 804 1008 837 metro
1040 810 1130 845 uno,
1161 810 1251 836 raro
1282 797 1492 848 angustius
1524 810 1572 835 m.
1596 793 1756 846 030²).

199 871 339 923 Itaque
368 870 445 909 iam
475 875 568 908 acta
595 868 687 907 inde
716 881 741 906 a
769 867 1000 907 Domitiano
1033 878 1156 917 usque
1186 866 1235 904 ad
1256 866 1310 904 M.
1333 865 1542 903 Aurelium
1571 865 1626 915 (a.
1649 864 1860 912 81-161)

88 939 310 993 perscripta
334 938 506 990 spatium
533 937 780 988 occupabant
806 942 1020 974 metrorum
1043 947 1119 974 non
1140 935 1272 973 minus
1294 933 1346 972 80
1366 943 1412 973 ><
1431 934 1527 973 Ο.70
1546 950 1593 966 --
1614 934 1678 972 56.
1726 933 1861 972 Aedes

89 1014 221 1050 autem
249 1006 421 1048 rotunda
449 1006 683 1045 diametrum
715 1004 833 1043 habet
863 1017 911 1043 m.
933 1002 999 1050 20,
1030 1003 1234 1042 circuitum
1256 1015 1335 1041 non
1355 1002 1447 1053 plus
1469 1015 1518 1040 m.
1539 1001 1588 1040 63
1613 1002 1695 1051 (vel
1718 1003 1861 1040 rectius

89 1077 258 1118 deducto
287 1075 484 1115 scalarum
516 1073 662 1126 spatio·
677 1086 725 1110 m.
749 1072 835 1123 58).
905 1070 1091 1122 Quinque
1121 1078 1253 1110 autem
1284 1071 1345 1109 vel
1376 1083 1448 1110 sex
1481 1077 1693 1109 metrorum
1732 1070 1862 1120 spatio

89 1143 492 1199 perscribi'potuisse
522 1147 612 1181 acta
639 1141 731 1180 inde
761 1141 810 1179 ab
833 1141 1003 1192 Augusti
1034 1145 1163 1178 aetate
1195 1151 1318 1189 usque
1346 1139 1395 1178 ad
1426 1153 1461 1177 a.
1485 1140 1550 1184 86,
1581 1150 1660 1188 quo
1692 1138 1861 1188 primum

37 1218 43 1251 ⁴:
90 1213 488 1264 tabulnmintegram
522 1211 638 1249 unius
668 1210 762 1249 anni
791 1209 892 1248 actis
927 1209 1166 1247 destinatam
1204 1207 1327 1247 fuisse
1362 1207 1553 1254 vidimus,
1591 1219 1705 1245 nemo
1741 1217 1863 1244 sanus

89 1281 314 1323 contendet.
373 1279 517 1331 Neque
545 1279 602 1317 ita
630 1290 695 1317 res
725 1278 905 1329 expediri
937 1284 1068 1328 potest
1097 1284 1140 1315 ut
1174 1276 1215 1315 in
1249 1276 1474 1315 stereobata
1509 1276 1733 1314 tabularum
1769 1275 1865 1312 scri-

91 1357 248 1403 ptarum
279 1349 393 1389 binos
420 1348 596 1394 ordines,
625 1347 792 1386 alterum
815 1359 936 1397 supra
955 1346 1136 1392 alterum,
1165 1345 1305 1392 fuisse,
1336 1351 1405 1384 aut
1424 1352 1575 1394 partem
1597 1356 1733 1382 earum
1760 1343 1864 1380 intra

40 1407 45 1454 s
91 1419 229 1460 aedem
263 1417 493 1465 rotundam,
530 1422 684 1468 partem
715 1422 829 1454 extra
859 1415 1019 1453 affixam
1060 1413 1182 1453 fuisse
1222 1413 1410 1452 dicamus.
1484 1413 1589 1451 Illud
1634 1425 1703 1462 per
1739 1411 1864 1449 archi-

38 1490 41 1491 ’
92 1495 267 1528 tecturae
296 1486 472 1526 rationes
502 1484 613 1523 nullo
642 1489 759 1535 pacto
795 1483 951 1522 admitti
988 1489 1140 1533 potestt
1177 1482 1253 1521 hoc
1288 1496 1336 1521 ne
1370 1481 1577 1520 credamus
1613 1479 1866 1532 prohibemur

93 1557 270 1608 ipsorum
301 1567 492 1594 saxorum
521 1566 573 1592 ex
603 1553 754 1604 pariete
784 1552 909 1591 cellae
939 1552 1180 1602 reliquorum
1208 1556 1349 1590 natura
1361 1550 1415 1600 ³).
1472 1548 1573 1590 Sunt
1601 1549 1703 1587 enim
1731 1560 1868 1587 crassa

45 1655 49 1663 ,
93 1625 184 1677 plus
214 1629 340 1663 metro
369 1635 460 1670 uno,
489 1628 530 1661 et
557 1622 616 1660 ita
643 1627 872 1671 comparata
903 1627 944 1658 ut
973 1620 1119 1659 tabulis
1150 1627 1299 1669 partem
1323 1620 1516 1657 internam
1540 1618 1720 1656 vestitam
1743 1617 1867 1655 fuisse

199 1841 231 1882 ¹)
257 1841 439 1885 singulare
472 1844 524 1874 est
553 1840 782 1883 fragmentum
816 1839 948 1873 Domit.
978 1838 1022 1872 D.
1056 1839 1152 1872 cuius
1185 1839 1330 1882 paginae
1363 1839 1515 1880 integrae
1548 1842 1625 1870 sunt
1657 1846 1803 1879 superne
1835 1841 1868 1867 et

95 1903 188 1938 infra
212 1913 323 1947 neque
349 1907 465 1938 nmen
489 1902 703 1935 altitudinem
731 1911 775 1935 m.
791 1900 874 1935 0.35
902 1900 1082 1934 excedunt.
1127 1900 1198 1935 Sub
1225 1900 1383 1933 aedicula
1408 1904 1468 1932 aut
1490 1899 1640 1932 fenestra
1659 1898 1694 1931 id
1720 1898 1868 1940 positum

95 1966 202 2000 fuisso
217 1964 412 2008 suspiceris.
451 1964 638 2007 Postquam
655 1963 741 1996 haec
758 1964 828 1997 iam
846 1964 936 2006 typis
953 1963 1116 1996 mandata
1132 1963 1281 2003 fuerunt,
1309 1962 1488 1995 certiorem
1507 1971 1561 1994 me
1579 1960 1662 1994 fecit
1674 1959 1868 2003 Vaglierius

66 2060 71 2064 .
95 2028 133 2062 in
157 2027 313 2071 margine
336 2027 475 2060 sinistro
502 2026 637 2059 tabulae
663 2036 694 2059 a.
715 2027 759 2059 89
787 2025 835 2065 (n.
855 2024 977 2066 2066),
1003 2036 1079 2058 cum
1099 2033 1248 2058 marmor
1266 2034 1309 2057 ex
1336 2033 1500 2066 compage
1525 2023 1639 2066 lignea
1664 2023 1868 2061 demeretur,

11 2083 15 2100 ³
32 2128 33 2131 ,
96 2089 294 2125 observatas
325 2099 400 2122 esse
430 2088 563 2122 litteras
595 2097 721 2131 paucas
762 2115 770 2124 .
789 2115 798 2125 .
816 2098 849 2125 Μ
867 2087 872 2137 1
893 2116 901 2124 .
921 2115 929 2123 .
949 2114 958 2124 .
976 2096 995 2124 s
1018 2087 1023 2136 Ι
1043 2113 1219 2124 .......
1251 2095 1271 2123 s
1290 2085 1295 2135 Ι
1313 2112 1322 2122 .
1342 2114 1350 2123 .
1369 2113 1377 2121 .
1406 2083 1470 2146 ps.
1530 2085 1603 2118 Eae
1636 2088 1870 2118 remanserunt

97 2167 141 2192 ex
167 2156 330 2192 clausulis
354 2166 511 2191 versuum
537 2156 673 2189 tabulae
699 2157 952 2199 praecedentis,
986 2166 1086 2198 quam
1119 2155 1336 2188 manifestum
1364 2159 1415 2187 est
1439 2154 1588 2197 positam
1614 2153 1719 2186 fuisse
1743 2151 1869 2195 angulo

95 2223 191 2254 recto
216 2224 336 2252 contra
361 2218 511 2252 tabulam
539 2229 570 2251 a.
592 2219 650 2259 89,
678 2228 786 2261 neque
813 2218 1010 2261 applicitam
1036 2217 1196 2250 aedificio
1224 2216 1383 2249 rotundo.

198 2292 232 2335 ²)
257 2294 311 2328 Ex
337 2293 437 2326 ennio
461 2297 540 2336 post
564 2293 608 2326 91
639 2292 831 2325 tabularum
858 2292 1072 2325 latitudinem
1101 2291 1273 2334 cognitam
1299 2291 1481 2324 habemus:

418 2364 462 2388 a„
479 2356 546 2388 101
840 2354 879 2388 C.
907 2354 969 2395 VI,
997 2352 1092 2386 20⁷4
1428 2363 1473 2386 m.
1501 2353 1584 2385 0:12

475 2416 551 2450 -105
999 2416 1092 2448 2075
1502 2414 1587 2447 0.90

483 2479 551 2511 118
998 2477 1092 2510 2078
1502 2469 1587 2508 Ο.90

485 2540 555 2573 120
999 2540 1094 2572 2080
1502 2538 1587 2570 0.90

484 2602 552 2634 122
1000 2602 1092 2634 2081
1506 2598 1615 2632 030?

453 2663 587 2700 125126
1002 2663 1096 2696 2082
1508 2660 1592 2693 Ο.59
1601 2661 1616 2691 i>

484 2726 554 2761 130
999 2724 1093 2756 2083
1505 2721 1590 2755 Ο.70
1600 2723 1615 2753 9

486 2787 554 2821 145
1001 2785 1096 2818 2085
1111 2796 1213 2828 supra
1231 2796 1264 2828 p.
1280 2786 1403 2828 451sq.
1505 2784 1590 2817 0.9o

486 2849 555 2882 155
1002 2848 1096 2880 2086
1506 2846 1589 2879 0.59

201 2921 236 2964 ⁸)
267 2923 396 2956 Mirum
436 2923 470 2955 in
510 2923 649 2955 modum
683 2923 848 2956 memoria
887 2923 1001 2965 lapsus
1033 2926 1084 2954 est
1116 2921 1322 2954 Lancianius
1353 2932 1429 2954 cum
1462 2921 1546 2953 haec
1576 2919 1739 2953 scriberet
1769 2919 1875 2961 (apud

101 2985 301 3019 Bauzanum
326 2983 494 3017 relazione
519 2995 552 3026 p.
576 2982 677 3024 10⁷):
706 2977 808 3017 ‘nelle
835 2983 945 3016 tavole
970 2982 1008 3015 di
1029 2980 1090 3027 piis
1115 2984 1231 3016 atztica
1255 2982 1342 3016 data
1367 2980 1384 3015 'e
1396 2983 1494 3024 satta
1517 2978 1577 3026 piia
1602 2981 1689 3014 volte
1715 2965 1877 3013 menzione

102 3045 141 3079 de·
158 3057 210 3079 -tm
234 3046 402 3090 sacrificio
424 3046 603 3090 piacolare
629 3046 773 3089 esequito
800 3046 843 3078 ob
868 3045 995 3078 ferrum
1022 3046 1166 3078 inlatum
1194 3046 1228 3078 in
1255 3044 1373 3077 aedem
1408 3054 1528 3077 ovvero
1560 3044 1603 3076 de
1634 3043 1717 3075 aede
1750 3044 1875 3075 elatum

102 3108 290 3151 scripturae
315 3117 430 3141 causa.
485 3106 557 3140 Ora
582 3108 597 3139 i
610 3107 809 3150 frammenti
831 3108 999 3140 rinvenuti
1024 3111 1156 3139 attorno
1184 3101 1345 3150 l'edtfizio
1371 3105 1551 3145 circolare,
1584 3109 1709 3137 tutiora
1734 3104 1878 3148 disponi

102 3170 139 3203 in
163 3168 280 3203 ordine
304 3169 535 3214 monologio-0,
572 3170 664 3202 ostia
689 3167 806 3201 caduli
828 3180 850 3200 α
876 3167 1071 3200 brevissima
1101 3167 1256 3200 distama
1287 3167 1348 3200 dal
1378 3167 1492 3210 luoyo,
1528 3177 1586 3199 ove
1606 3166 1736 3208 furano
1769 3166 1879 3210 affieri

100 3231 394 3276 pri-isthmi&
429 3235 681 3276 appartenyono
707 3230 948 3274 precisamente
980 3231 1017 3263 αί
1046 3229 1154 3262 secolo
1186 3228 1216 3261 I.
1282 3226 1399 3267 Questi
1428 3228 1578 3272 sacrifici
1608 3239 1674 3261 non
1707 3238 1785 3261 sono
1816 3224 1877 3271 pir)

103 3293 282 3326 mamati
305 3292 396 3326 nella
422 3292 530 3326 tanole
557 3291 595 3324 di
618 3302 723 3336 epoca
748 3301 818 3324 men
843 3296 985 3324 remota.-
1019 3290 1102 3323 mide
1127 3288 1144 3323 ὲ
1170 3290 1286 3323 chiara
1313 3289 1370 3324 che
1396 3301 1589 3330 ces-sarone,
1626 3289 1759 3334 quando
1790 3289 1876 3322 nelle

104 3352 260 3388 &lebate
283 3353 339 3388 dec
362 3355 480 3399 tempio
508 3365 608 3387 venne
641 3365 663 3386 α
694 3364 850 3386 mancare
881 3354 909 3386 il
936 3358 1033 3397 posto
1062 3363 1127 3397 per
1155 3347 1347 3385 t’incisione
1379 3352 1471 3396 deyli
1502 3346 1591 3384 atti'.
1650 3353 1679 3384 E
1706 3352 1876 3384 contrario

105 3417 262 3450 sacrificii
288 3416 380 3449 illius
405 3417 534 3449 mentio
560 3415 656 3448 nulla
681 3420 777 3448 extat
802 3425 894 3448 anno
922 3417 965 3447 81
994 3415 1174 3457 antiquior,
1210 3420 1242 3445 et
1268 3416 1356 3446 inter
1383 3424 1413 3445 a.
1435 3415 1479 3446 59
1508 3420 1539 3445 et
1568 3416 1613 3446 80
1645 3415 1679 3445 ἱη
1707 3419 1784 3446 acta
1815 3423 1874 3445 no-
