<?xml version="1.0" encoding="UTF-8"?>
<!DOCTYPE html PUBLIC "-//W3C//DTD XHTML 1.0 Transitional//EN"
    "http://www.w3.org/TR/xhtml1/DTD/xhtml1-transitional.dtd">
<html xmlns="http://www.w3.org/1999/xhtml" xml:lang="en" lang="en">
 <head>
  <title>
</title>
<meta http-equiv="Content-Type" content="text/html;charset=utf-8" />
  <meta name='ocr-system' content='tesseract 3.04.00' />
  <meta name='ocr-capabilities' content='ocr_page ocr_carea ocr_par ocr_line ocrx_word'/>
</head>
<body>
  <div class='ocr_page' id='page_1' title='image "./ephemerisepigrap08deutuoft_0244.png"; bbox 0 0 2216 3796; ppageno 0'>
   <div class='ocr_carea' id='block_1_1' title="bbox 352 347 1296 393">
    <p class='ocr_par' dir='ltr' id='par_1_1' title="bbox 352 347 1296 393">
     <span class='ocr_line' id='line_1_1' title="bbox 352 347 1296 393; baseline -0.005 0"><span class='ocrx_word' id='word_1_1' title='bbox 352 347 412 393; x_wconf 77' lang='lat'><strong>23</strong></span> <span class='ocrx_word' id='word_1_2' title='bbox 421 347 446 391; x_wconf 87' lang='grc'>6</span> <span class='ocrx_word' id='word_1_3' title='bbox 1169 355 1296 388; x_wconf 72' lang='lat' dir='ltr'>ACTA</span> 
     </span>
    </p>
   </div>
   <div class='ocr_carea' id='block_1_2' title="bbox 1994 0 2216 549">
    <p class='ocr_par' dir='ltr' id='par_1_2' title="bbox 1994 0 2216 549">
     <span class='ocr_line' id='line_1_2' title="bbox 1994 0 2216 549; baseline 0 0"><span class='ocrx_word' id='word_1_4' title='bbox 1994 0 2216 549; x_wconf 95' lang='lat' dir='ltr'><strong>   </strong></span> 
     </span>
    </p>
   </div>
   <div class='ocr_carea' id='block_1_3' title="bbox 1637 422 1839 429">
    <p class='ocr_par' dir='ltr' id='par_1_3' title="bbox 1637 422 1839 429">
     <span class='ocr_line' id='line_1_3' title="bbox 1637 422 1839 429; baseline 0 3367"><span class='ocrx_word' id='word_1_5' title='bbox 1637 422 1839 429; x_wconf 95' lang='lat' dir='ltr'><strong> </strong></span> 
     </span>
    </p>
   </div>
   <div class='ocr_carea' id='block_1_4' title="bbox 1435 423 1636 431">
    <p class='ocr_par' dir='ltr' id='par_1_4' title="bbox 1435 423 1636 431">
     <span class='ocr_line' id='line_1_4' title="bbox 1435 423 1636 431; baseline 0 0"><span class='ocrx_word' id='word_1_6' title='bbox 1435 423 1636 431; x_wconf 95' lang='lat' dir='ltr'><strong> </strong></span> 
     </span>
    </p>
   </div>
   <div class='ocr_carea' id='block_1_5' title="bbox 348 468 2174 794">
    <p class='ocr_par' dir='ltr' id='par_1_5' title="bbox 348 468 2178 794">
     <span class='ocr_line' id='line_1_5' title="bbox 349 468 2174 522; baseline -0.002 -9"><span class='ocrx_word' id='word_1_7' title='bbox 349 479 439 513; x_wconf 81' lang='lat' dir='ltr'><strong>ante</strong></span> <span class='ocrx_word' id='word_1_8' title='bbox 474 472 617 511; x_wconf 90' lang='lat' dir='ltr'><strong>bellum</strong></span> <span class='ocrx_word' id='word_1_9' title='bbox 647 471 947 522; x_wconf 83' lang='lat' dir='ltr'><strong>Fregellanum,</strong></span> <span class='ocrx_word' id='word_1_10' title='bbox 983 476 1027 509; x_wconf 90' lang='lat' dir='ltr'><strong>ut</strong></span> <span class='ocrx_word' id='word_1_11' title='bbox 1055 470 1224 510; x_wconf 89' lang='lat' dir='ltr'><strong>credulis</strong></span> <span class='ocrx_word' id='word_1_12' title='bbox 1258 473 1515 521; x_wconf 84' lang='lat' dir='ltr'><strong>persuaderet</strong></span> <span class='ocrx_word' id='word_1_13' title='bbox 1543 471 1649 511; x_wconf 83' lang='lat' dir='ltr'><strong>mala</strong></span> <span class='ocrx_word' id='word_1_14' title='bbox 1683 470 1780 510; x_wconf 86' lang='lat' dir='ltr'><strong>belli</strong></span> <span class='ocrx_word' id='word_1_15' title='bbox 1809 468 1939 508; x_wconf 80' lang='lat' dir='ltr'><strong>Italici</strong></span> <span class='ocrx_word' id='word_1_16' title='bbox 1972 469 2114 510; x_wconf 69' lang='lat' dir='ltr'><strong>evitari</strong></span> <span class='ocrx_word' id='word_1_17' title='bbox 2144 479 2145 482; x_wconf 77' lang='grc'>’</span> <span class='ocrx_word' id='word_1_18' title='bbox 2172 491 2174 497; x_wconf 45' lang='grc' dir='ltr'><em>ν</em></span> 
     </span>
     <span class='ocr_line' id='line_1_6' title="bbox 348 537 2148 593; baseline -0.001 -13"><span class='ocrx_word' id='word_1_19' title='bbox 348 542 525 593; x_wconf 87' lang='lat' dir='ltr'><strong>potuisse</strong></span> <span class='ocrx_word' id='word_1_20' title='bbox 554 540 659 579; x_wconf 89' lang='lat' dir='ltr'><strong>ludis</strong></span> <span class='ocrx_word' id='word_1_21' title='bbox 688 545 795 578; x_wconf 87' lang='lat' dir='ltr'><strong>recte</strong></span> <span class='ocrx_word' id='word_1_22' title='bbox 825 539 1047 586; x_wconf 85' lang='lat' dir='ltr'><strong>celebratis,</strong></span> <span class='ocrx_word' id='word_1_23' title='bbox 1078 551 1317 589; x_wconf 87' lang='lat' dir='ltr'><strong>quamquam</strong></span> <span class='ocrx_word' id='word_1_24' title='bbox 1347 541 1445 579; x_wconf 87' lang='lat' dir='ltr'><strong>haec</strong></span> <span class='ocrx_word' id='word_1_25' title='bbox 1475 540 1607 591; x_wconf 90' lang='lat' dir='ltr'><strong>opinio</strong></span> <span class='ocrx_word' id='word_1_26' title='bbox 1637 537 1764 589; x_wconf 82' lang='lat' dir='ltr'><strong>magis</strong></span> <span class='ocrx_word' id='word_1_27' title='bbox 1793 537 2011 588; x_wconf 77' lang='lat' dir='ltr'><strong>probabilis</strong></span> <span class='ocrx_word' id='word_1_28' title='bbox 2039 542 2115 578; x_wconf 83' lang='lat' dir='ltr'><strong>est.</strong></span> <span class='ocrx_word' id='word_1_29' title='bbox 2142 543 2148 565; x_wconf 76' lang='grc'><strong>-’</strong></span> 
     </span>
     <span class='ocr_line' id='line_1_7' title="bbox 350 599 2164 658; baseline -0.001 -10"><span class='ocrx_word' id='word_1_30' title='bbox 350 609 466 649; x_wconf 82' lang='lat' dir='ltr'><strong>Certe</strong></span> <span class='ocrx_word' id='word_1_31' title='bbox 496 609 739 658; x_wconf 87' lang='lat' dir='ltr'><strong>aliquantum</strong></span> <span class='ocrx_word' id='word_1_32' title='bbox 770 613 861 646; x_wconf 88' lang='lat' dir='ltr'><strong>ante</strong></span> <span class='ocrx_word' id='word_1_33' title='bbox 887 607 1113 658; x_wconf 84' lang='lat' dir='ltr'><strong>Augustum</strong></span> <span class='ocrx_word' id='word_1_34' title='bbox 1143 620 1302 646; x_wconf 90' lang='lat' dir='ltr'><strong>carmen</strong></span> <span class='ocrx_word' id='word_1_35' title='bbox 1331 609 1526 658; x_wconf 87' lang='lat' dir='ltr'><strong>prolatum</strong></span> <span class='ocrx_word' id='word_1_36' title='bbox 1557 613 1630 646; x_wconf 85' lang='lat' dir='ltr'><strong>est.</strong></span> <span class='ocrx_word' id='word_1_37' title='bbox 1679 605 1786 645; x_wconf 83' lang='lat' dir='ltr'><strong>Nam</strong></span> <span class='ocrx_word' id='word_1_38' title='bbox 1815 604 2012 645; x_wconf 80' lang='lat' dir='ltr'><strong>saeculum</strong></span> <span class='ocrx_word' id='word_1_39' title='bbox 2031 604 2116 646; x_wconf 67' lang='lat' dir='ltr'><strong>⁴CX</strong></span> <span class='ocrx_word' id='word_1_40' title='bbox 2150 599 2164 658; x_wconf 13' lang='lat' dir='ltr'><strong>&#39;y</strong></span> 
     </span>
     <span class='ocr_line' id='line_1_8' title="bbox 349 667 2116 727; baseline -0.002 -11"><span class='ocrx_word' id='word_1_41' title='bbox 349 691 555 724; x_wconf 86' lang='lat' dir='ltr'><strong>annorum,</strong></span> <span class='ocrx_word' id='word_1_42' title='bbox 585 677 625 714; x_wconf 91' lang='lat' dir='ltr'><strong>in</strong></span> <span class='ocrx_word' id='word_1_43' title='bbox 655 689 732 726; x_wconf 92' lang='lat' dir='ltr'><strong>quo</strong></span> <span class='ocrx_word' id='word_1_44' title='bbox 762 681 955 722; x_wconf 85' lang='lat' dir='ltr'><strong>versatur,</strong></span> <span class='ocrx_word' id='word_1_45' title='bbox 983 674 1155 714; x_wconf 87' lang='lat' dir='ltr'><strong>Varroni</strong></span> <span class='ocrx_word' id='word_1_46' title='bbox 1187 681 1321 714; x_wconf 85' lang='lat' dir='ltr'><strong>notum</strong></span> <span class='ocrx_word' id='word_1_47' title='bbox 1351 677 1426 714; x_wconf 87' lang='lat' dir='ltr'><strong>fuit</strong></span> <span class='ocrx_word' id='word_1_48' title='bbox 1454 689 1582 727; x_wconf 90' lang='lat' dir='ltr'><strong>neque</strong></span> <span class='ocrx_word' id='word_1_49' title='bbox 1611 675 1815 725; x_wconf 84' lang='lat' dir='ltr'><strong>Augustus</strong></span> <span class='ocrx_word' id='word_1_50' title='bbox 1843 673 1885 712; x_wconf 87' lang='lat' dir='ltr'><strong>id</strong></span> <span class='ocrx_word' id='word_1_51' title='bbox 1912 667 2116 726; x_wconf 73' lang='lat' dir='ltr'><strong>excogita.-</strong></span> 
     </span>
     <span class='ocr_line' id='line_1_9' title="bbox 350 741 2116 794; baseline -0.002 -11"><span class='ocrx_word' id='word_1_52' title='bbox 350 746 422 792; x_wconf 87' lang='lat' dir='ltr'><strong>vit,</strong></span> <span class='ocrx_word' id='word_1_53' title='bbox 460 745 529 782; x_wconf 91' lang='lat' dir='ltr'><strong>sed</strong></span> <span class='ocrx_word' id='word_1_54' title='bbox 559 744 743 794; x_wconf 91' lang='lat' dir='ltr'><strong>opinione</strong></span> <span class='ocrx_word' id='word_1_55' title='bbox 773 749 855 781; x_wconf 87' lang='lat' dir='ltr'><strong>tum</strong></span> <span class='ocrx_word' id='word_1_56' title='bbox 885 744 1004 794; x_wconf 88' lang='lat' dir='ltr'><strong>vulgo</strong></span> <span class='ocrx_word' id='word_1_57' title='bbox 1035 755 1179 794; x_wconf 86' lang='lat' dir='ltr'><strong>sparsa</strong></span> <span class='ocrx_word' id='word_1_58' title='bbox 1209 755 1306 782; x_wconf 86' lang='lat' dir='ltr'><strong>usus</strong></span> <span class='ocrx_word' id='word_1_59' title='bbox 1343 745 1392 782; x_wconf 85' lang='lat' dir='ltr'><strong>ad</strong></span> <span class='ocrx_word' id='word_1_60' title='bbox 1427 756 1496 783; x_wconf 85' lang='lat' dir='ltr'><strong>eos</strong></span> <span class='ocrx_word' id='word_1_61' title='bbox 1527 749 1733 794; x_wconf 84' lang='lat' dir='ltr'><strong>computos</strong></span> <span class='ocrx_word' id='word_1_62' title='bbox 1768 741 1883 780; x_wconf 84' lang='lat' dir='ltr'><strong>ludos</strong></span> <span class='ocrx_word' id='word_1_63' title='bbox 1911 751 2007 780; x_wconf 78' lang='lat' dir='ltr'><strong>euos</strong></span> <span class='ocrx_word' id='word_1_64' title='bbox 2033 741 2116 780; x_wconf 83' lang='lat' dir='ltr'><strong>for·</strong></span> 
     </span>
    </p>
   </div>
   <div class='ocr_carea' id='block_1_6' title="bbox 349 808 2183 862">
    <p class='ocr_par' dir='ltr' id='par_1_6' title="bbox 349 803 2183 862">
     <span class='ocr_line' id='line_1_10' title="bbox 349 808 2183 862; baseline -0.002 -11"><span class='ocrx_word' id='word_1_65' title='bbox 349 814 481 851; x_wconf 88' lang='lat' dir='ltr'><strong>mavit.</strong></span> <span class='ocrx_word' id='word_1_66' title='bbox 529 812 690 852; x_wconf 80' lang='lat' dir='ltr'>Scilicet</span> <span class='ocrx_word' id='word_1_67' title='bbox 718 812 922 850; x_wconf 88' lang='lat' dir='ltr'><strong>celebrans</strong></span> <span class='ocrx_word' id='word_1_68' title='bbox 953 823 1022 850; x_wconf 90' lang='lat' dir='ltr'><strong>eos</strong></span> <span class='ocrx_word' id='word_1_69' title='bbox 1051 823 1131 849; x_wconf 90' lang='lat' dir='ltr'><strong>non</strong></span> <span class='ocrx_word' id='word_1_70' title='bbox 1160 811 1348 862; x_wconf 86' lang='lat' dir='ltr'><strong>inspectis</strong></span> <span class='ocrx_word' id='word_1_71' title='bbox 1370 812 1498 850; x_wconf 91' lang='lat' dir='ltr'><strong>denuo</strong></span> <span class='ocrx_word' id='word_1_72' title='bbox 1528 811 1643 850; x_wconf 87' lang='lat' dir='ltr'><strong>libris</strong></span> <span class='ocrx_word' id='word_1_73' title='bbox 1665 808 1887 861; x_wconf 78' lang='lat' dir='ltr'><strong>Sibyllinis,</strong></span> <span class='ocrx_word' id='word_1_74' title='bbox 1915 808 2027 848; x_wconf 79' lang='lat' dir='ltr'><strong>cuius</strong></span> <span class='ocrx_word' id='word_1_75' title='bbox 2055 809 2116 848; x_wconf 90' lang='lat' dir='ltr'><strong>in·</strong></span> <span class='ocrx_word' id='word_1_76' title='bbox 2172 826 2183 830; x_wconf 56' lang='grc'>’</span> 
     </span>
    </p>
   </div>
   <div class='ocr_carea' id='block_1_7' title="bbox 347 867 2180 1138">
    <p class='ocr_par' dir='ltr' id='par_1_7' title="bbox 347 865 2182 1143">
     <span class='ocr_line' id='line_1_11' title="bbox 348 867 2180 932; baseline -0.002 -13"><span class='ocrx_word' id='word_1_77' title='bbox 348 881 561 932; x_wconf 88' lang='lat' dir='ltr'><strong>spectionis</strong></span> <span class='ocrx_word' id='word_1_78' title='bbox 598 880 749 918; x_wconf 90' lang='lat' dir='ltr'><strong>nullum</strong></span> <span class='ocrx_word' id='word_1_79' title='bbox 784 879 971 917; x_wconf 89' lang='lat' dir='ltr'><strong>indicium</strong></span> <span class='ocrx_word' id='word_1_80' title='bbox 1008 885 1136 926; x_wconf 84' lang='lat' dir='ltr'><strong>extat,</strong></span> <span class='ocrx_word' id='word_1_81' title='bbox 1175 892 1393 930; x_wconf 85' lang='lat' dir='ltr'><strong>provocare</strong></span> <span class='ocrx_word' id='word_1_82' title='bbox 1422 880 1557 918; x_wconf 88' lang='lat' dir='ltr'><strong>debuit</strong></span> <span class='ocrx_word' id='word_1_83' title='bbox 1589 879 1640 918; x_wconf 88' lang='lat' dir='ltr'><strong>ad</strong></span> <span class='ocrx_word' id='word_1_84' title='bbox 1669 889 1828 917; x_wconf 85' lang='lat' dir='ltr'><strong>carmen</strong></span> <span class='ocrx_word' id='word_1_85' title='bbox 1858 875 2037 928; x_wconf 69' lang='lat' dir='ltr'><strong>Sibyllae</strong></span> <span class='ocrx_word' id='word_1_86' title='bbox 2065 877 2114 915; x_wconf 89' lang='lat' dir='ltr'><strong>de</strong></span> <span class='ocrx_word' id='word_1_87' title='bbox 2165 867 2180 928; x_wconf 55' lang='lat'><strong>²4]</strong></span> 
     </span>
     <span class='ocr_line' id='line_1_12' title="bbox 347 944 2114 996; baseline -0.002 -9"><span class='ocrx_word' id='word_1_88' title='bbox 347 949 451 987; x_wconf 87' lang='lat' dir='ltr'><strong>ludis</strong></span> <span class='ocrx_word' id='word_1_89' title='bbox 481 948 675 986; x_wconf 87' lang='lat' dir='ltr'><strong>eiusmodi</strong></span> <span class='ocrx_word' id='word_1_90' title='bbox 707 954 798 986; x_wconf 82' lang='lat' dir='ltr'><strong>ante</strong></span> <span class='ocrx_word' id='word_1_91' title='bbox 828 959 954 985; x_wconf 85' lang='lat' dir='ltr'><strong>annos</strong></span> <span class='ocrx_word' id='word_1_92' title='bbox 986 946 1059 986; x_wconf 90' lang='lat' dir='ltr'><strong>CX</strong></span> <span class='ocrx_word' id='word_1_93' title='bbox 1088 953 1156 985; x_wconf 87' lang='lat' dir='ltr'><strong>aut</strong></span> <span class='ocrx_word' id='word_1_94' title='bbox 1185 948 1392 987; x_wconf 87' lang='lat' dir='ltr'><strong>celebratis</strong></span> <span class='ocrx_word' id='word_1_95' title='bbox 1427 954 1497 986; x_wconf 89' lang='lat' dir='ltr'><strong>aut</strong></span> <span class='ocrx_word' id='word_1_96' title='bbox 1530 953 1635 986; x_wconf 90' lang='lat' dir='ltr'><strong>certe</strong></span> <span class='ocrx_word' id='word_1_97' title='bbox 1664 945 1911 985; x_wconf 77' lang='lat' dir='ltr'><strong>celebrandis</strong></span> <span class='ocrx_word' id='word_1_98' title='bbox 1923 944 1976 996; x_wconf 78' lang='grc' dir='ltr'><strong>ι).</strong></span> <span class='ocrx_word' id='word_1_99' title='bbox 2032 945 2114 984; x_wconf 78' lang='lat' dir='ltr'><strong>Ita·</strong></span> 
     </span>
     <span class='ocr_line' id='line_1_13' title="bbox 348 1012 2114 1067; baseline -0.002 -12"><span class='ocrx_word' id='word_1_100' title='bbox 348 1030 422 1067; x_wconf 91' lang='lat' dir='ltr'><strong>que</strong></span> <span class='ocrx_word' id='word_1_101' title='bbox 452 1017 568 1054; x_wconf 87' lang='lat' dir='ltr'><strong>ludos</strong></span> <span class='ocrx_word' id='word_1_102' title='bbox 600 1017 825 1054; x_wconf 85' lang='lat' dir='ltr'><strong>saeculares</strong></span> <span class='ocrx_word' id='word_1_103' title='bbox 857 1028 892 1053; x_wconf 88' lang='lat' dir='ltr'><strong>a.</strong></span> <span class='ocrx_word' id='word_1_104' title='bbox 916 1014 1008 1063; x_wconf 80' lang='lat'><strong>628,</strong></span> <span class='ocrx_word' id='word_1_105' title='bbox 1039 1027 1138 1065; x_wconf 88' lang='lat' dir='ltr'><strong>quos</strong></span> <span class='ocrx_word' id='word_1_106' title='bbox 1169 1021 1269 1054; x_wconf 88' lang='lat' dir='ltr'><strong>teste</strong></span> <span class='ocrx_word' id='word_1_107' title='bbox 1291 1015 1512 1055; x_wconf 84' lang='lat' dir='ltr'><strong>Censorino</strong></span> <span class='ocrx_word' id='word_1_108' title='bbox 1535 1018 1691 1054; x_wconf 86' lang='lat' dir='ltr'><strong>constat</strong></span> <span class='ocrx_word' id='word_1_109' title='bbox 1718 1012 1961 1065; x_wconf 85' lang='lat' dir='ltr'><strong>perscriptos</strong></span> <span class='ocrx_word' id='word_1_110' title='bbox 1989 1012 2114 1053; x_wconf 77' lang='lat' dir='ltr'><strong>fnisse</strong></span> 
     </span>
     <span class='ocr_line' id='line_1_14' title="bbox 348 1071 2113 1138; baseline -0.001 -16"><span class='ocrx_word' id='word_1_111' title='bbox 348 1086 388 1122; x_wconf 90' lang='lat' dir='ltr'><strong>in</strong></span> <span class='ocrx_word' id='word_1_112' title='bbox 409 1084 701 1123; x_wconf 87' lang='lat' dir='ltr'><strong>commentariis</strong></span> <span class='ocrx_word' id='word_1_113' title='bbox 722 1084 946 1130; x_wconf 88' lang='lat' dir='ltr'><strong>XVvirum,</strong></span> <span class='ocrx_word' id='word_1_114' title='bbox 979 1088 1020 1121; x_wconf 91' lang='lat' dir='ltr'><strong>ut</strong></span> <span class='ocrx_word' id='word_1_115' title='bbox 1039 1083 1210 1121; x_wconf 88' lang='lat' dir='ltr'><strong>dubitari</strong></span> <span class='ocrx_word' id='word_1_116' title='bbox 1236 1096 1315 1122; x_wconf 90' lang='lat' dir='ltr'><strong>non</strong></span> <span class='ocrx_word' id='word_1_117' title='bbox 1345 1089 1476 1135; x_wconf 87' lang='lat' dir='ltr'><strong>potest</strong></span> <span class='ocrx_word' id='word_1_118' title='bbox 1505 1089 1543 1122; x_wconf 92' lang='lat' dir='ltr'><strong>et</strong></span> <span class='ocrx_word' id='word_1_119' title='bbox 1563 1084 1668 1138; x_wconf 85' lang='lat' dir='ltr'><strong>infra</strong></span> <span class='ocrx_word' id='word_1_120' title='bbox 1687 1071 2113 1123; x_wconf 56' lang='lat' dir='ltr'><strong>confirmabitur-num·</strong></span> 
     </span>
    </p>
   </div>
   <div class='ocr_carea' id='block_1_8' title="bbox 347 1150 2182 1270">
    <p class='ocr_par' dir='ltr' id='par_1_8' title="bbox 347 1150 2185 1275">
     <span class='ocr_line' id='line_1_15' title="bbox 347 1150 2182 1203; baseline -0.002 -12"><span class='ocrx_word' id='word_1_121' title='bbox 347 1166 464 1203; x_wconf 88' lang='lat' dir='ltr'><strong>quam</strong></span> <span class='ocrx_word' id='word_1_122' title='bbox 495 1164 583 1191; x_wconf 88' lang='lat' dir='ltr'><strong>esse</strong></span> <span class='ocrx_word' id='word_1_123' title='bbox 615 1152 847 1199; x_wconf 87' lang='lat' dir='ltr'><strong>celebratos,</strong></span> <span class='ocrx_word' id='word_1_124' title='bbox 877 1152 933 1190; x_wconf 90' lang='lat' dir='ltr'><strong>ita</strong></span> <span class='ocrx_word' id='word_1_125' title='bbox 957 1151 1216 1190; x_wconf 86' lang='lat' dir='ltr'><strong>certissimum</strong></span> <span class='ocrx_word' id='word_1_126' title='bbox 1247 1158 1306 1191; x_wconf 89' lang='lat' dir='ltr'><strong>est</strong></span> <span class='ocrx_word' id='word_1_127' title='bbox 1335 1158 1402 1190; x_wconf 86' lang='lat' dir='ltr'><strong>aut</strong></span> <span class='ocrx_word' id='word_1_128' title='bbox 1431 1157 1521 1190; x_wconf 86' lang='lat' dir='ltr'><strong>ante</strong></span> <span class='ocrx_word' id='word_1_129' title='bbox 1542 1152 1764 1202; x_wconf 84' lang='lat' dir='ltr'><strong>Augustum</strong></span> <span class='ocrx_word' id='word_1_130' title='bbox 1793 1150 1909 1190; x_wconf 83' lang='lat' dir='ltr'><strong>fictos</strong></span> <span class='ocrx_word' id='word_1_131' title='bbox 1929 1159 2019 1195; x_wconf 61' lang='lat' dir='ltr'><strong>esse</strong></span> <span class='ocrx_word' id='word_1_132' title='bbox 2046 1155 2115 1188; x_wconf 81' lang='lat' dir='ltr'><strong>aut</strong></span> <span class='ocrx_word' id='word_1_133' title='bbox 2169 1151 2182 1177; x_wconf 49' lang='grc' dir='ltr'><strong>’τ’</strong></span> 
     </span>
     <span class='ocr_line' id='line_1_16' title="bbox 348 1217 2113 1270; baseline -0.002 -11"><span class='ocrx_word' id='word_1_134' title='bbox 348 1222 396 1259; x_wconf 86' lang='lat' dir='ltr'><strong>ab</strong></span> <span class='ocrx_word' id='word_1_135' title='bbox 426 1220 551 1270; x_wconf 89' lang='lat' dir='ltr'><strong>ipsius</strong></span> <span class='ocrx_word' id='word_1_136' title='bbox 587 1221 629 1258; x_wconf 91' lang='lat' dir='ltr'><strong>in</strong></span> <span class='ocrx_word' id='word_1_137' title='bbox 663 1233 706 1258; x_wconf 86' lang='lat' dir='ltr'><strong>re</strong></span> <span class='ocrx_word' id='word_1_138' title='bbox 737 1233 853 1258; x_wconf 85' lang='lat' dir='ltr'><strong>sacra</strong></span> <span class='ocrx_word' id='word_1_139' title='bbox 882 1219 1126 1258; x_wconf 87' lang='lat' dir='ltr'><strong>adiutoribus</strong></span> <span class='ocrx_word' id='word_1_140' title='bbox 1162 1220 1265 1258; x_wconf 90' lang='lat' dir='ltr'><strong>felici</strong></span> <span class='ocrx_word' id='word_1_141' title='bbox 1296 1233 1391 1259; x_wconf 87' lang='lat' dir='ltr'><strong>casu</strong></span> <span class='ocrx_word' id='word_1_142' title='bbox 1421 1221 1621 1267; x_wconf 89' lang='lat' dir='ltr'><strong>inventos,</strong></span> <span class='ocrx_word' id='word_1_143' title='bbox 1658 1231 1731 1257; x_wconf 90' lang='lat' dir='ltr'><strong>nec</strong></span> <span class='ocrx_word' id='word_1_144' title='bbox 1765 1217 1981 1270; x_wconf 83' lang='lat' dir='ltr'><strong>perspicio,</strong></span> <span class='ocrx_word' id='word_1_145' title='bbox 2016 1229 2113 1269; x_wconf 89' lang='lat' dir='ltr'><strong>quo·</strong></span> 
     </span>
    </p>
   </div>
   <div class='ocr_carea' id='block_1_9' title="bbox 347 1286 2189 1803">
    <p class='ocr_par' dir='ltr' id='par_1_9' title="bbox 347 1286 2189 1803">
     <span class='ocr_line' id='line_1_17' title="bbox 348 1286 2113 1337; baseline -0.002 -10"><span class='ocrx_word' id='word_1_146' title='bbox 348 1289 466 1327; x_wconf 90' lang='lat' dir='ltr'><strong>modo</strong></span> <span class='ocrx_word' id='word_1_147' title='bbox 496 1288 736 1327; x_wconf 81' lang='lat' dir='ltr'><strong>recentiores</strong></span> <span class='ocrx_word' id='word_1_148' title='bbox 766 1287 924 1337; x_wconf 84' lang='lat' dir='ltr'><strong>quidam</strong></span> <span class='ocrx_word' id='word_1_149' title='bbox 954 1287 1188 1326; x_wconf 86' lang='lat' dir='ltr'><strong>contendere</strong></span> <span class='ocrx_word' id='word_1_150' title='bbox 1225 1289 1424 1337; x_wconf 90' lang='lat' dir='ltr'><strong>potuerint</strong></span> <span class='ocrx_word' id='word_1_151' title='bbox 1453 1301 1537 1327; x_wconf 87' lang='lat' dir='ltr'><strong>eam</strong></span> <span class='ocrx_word' id='word_1_152' title='bbox 1574 1288 1769 1326; x_wconf 88' lang='lat' dir='ltr'><strong>fictionem</strong></span> <span class='ocrx_word' id='word_1_153' title='bbox 1804 1286 1847 1325; x_wconf 91' lang='lat' dir='ltr'><strong>in</strong></span> <span class='ocrx_word' id='word_1_154' title='bbox 1874 1290 2113 1325; x_wconf 84' lang='lat' dir='ltr'><strong>commenta-</strong></span> 
     </span>
     <span class='ocr_line' id='line_1_18' title="bbox 347 1353 2189 1409; baseline -0.001 -15"><span class='ocrx_word' id='word_1_155' title='bbox 347 1357 429 1395; x_wconf 88' lang='lat' dir='ltr'><strong>rios</strong></span> <span class='ocrx_word' id='word_1_156' title='bbox 465 1356 557 1395; x_wconf 88' lang='lat' dir='ltr'><strong>illos</strong></span> <span class='ocrx_word' id='word_1_157' title='bbox 591 1356 755 1394; x_wconf 84' lang='lat' dir='ltr'><strong>relatam</strong></span> <span class='ocrx_word' id='word_1_158' title='bbox 792 1367 880 1393; x_wconf 88' lang='lat' dir='ltr'><strong>esse</strong></span> <span class='ocrx_word' id='word_1_159' title='bbox 915 1359 1042 1393; x_wconf 85' lang='lat' dir='ltr'><strong>aetate</strong></span> <span class='ocrx_word' id='word_1_160' title='bbox 1077 1356 1232 1394; x_wconf 89' lang='lat' dir='ltr'><strong>demum</strong></span> <span class='ocrx_word' id='word_1_161' title='bbox 1263 1354 1412 1395; x_wconf 87' lang='lat' dir='ltr'><strong>Severi.</strong></span> <span class='ocrx_word' id='word_1_162' title='bbox 1473 1355 1643 1395; x_wconf 85' lang='lat' dir='ltr'><strong>Carmen</strong></span> <span class='ocrx_word' id='word_1_163' title='bbox 1678 1360 1808 1393; x_wconf 89' lang='lat' dir='ltr'><strong>autem</strong></span> <span class='ocrx_word' id='word_1_164' title='bbox 1839 1366 1863 1392; x_wconf 78' lang='lat' dir='ltr'><strong>a</strong></span> <span class='ocrx_word' id='word_1_165' title='bbox 1890 1353 2114 1406; x_wconf 80' lang='lat' dir='ltr'><strong>Phlegonte</strong></span> <span class='ocrx_word' id='word_1_166' title='bbox 2185 1407 2189 1409; x_wconf 65' lang='lat'>‚</span> 
     </span>
     <span class='ocr_line' id='line_1_19' title="bbox 349 1420 2113 1475; baseline -0.002 -13"><span class='ocrx_word' id='word_1_167' title='bbox 349 1430 548 1463; x_wconf 87' lang='lat' dir='ltr'><strong>servatum</strong></span> <span class='ocrx_word' id='word_1_168' title='bbox 577 1430 620 1462; x_wconf 89' lang='lat' dir='ltr'><strong>ut</strong></span> <span class='ocrx_word' id='word_1_169' title='bbox 649 1424 851 1473; x_wconf 82' lang='lat' dir='ltr'><strong>aliquanto</strong></span> <span class='ocrx_word' id='word_1_170' title='bbox 881 1429 972 1461; x_wconf 89' lang='lat' dir='ltr'><strong>ante</strong></span> <span class='ocrx_word' id='word_1_171' title='bbox 993 1424 1215 1474; x_wconf 87' lang='lat' dir='ltr'><strong>Augustum</strong></span> <span class='ocrx_word' id='word_1_172' title='bbox 1247 1425 1524 1475; x_wconf 88' lang='lat' dir='ltr'><strong>conscriptum,</strong></span> <span class='ocrx_word' id='word_1_173' title='bbox 1555 1424 1611 1462; x_wconf 89' lang='lat' dir='ltr'><strong>ita</strong></span> <span class='ocrx_word' id='word_1_174' title='bbox 1639 1424 1687 1462; x_wconf 86' lang='lat' dir='ltr'><strong>ab</strong></span> <span class='ocrx_word' id='word_1_175' title='bbox 1704 1422 1894 1475; x_wconf 67' lang='lat' dir='ltr'><strong>‘Augusto</strong></span> <span class='ocrx_word' id='word_1_176' title='bbox 1921 1434 1997 1474; x_wconf 79' lang='lat' dir='ltr'><strong>pro</strong></span> <span class='ocrx_word' id='word_1_177' title='bbox 2023 1420 2113 1472; x_wconf 88' lang='lat' dir='ltr'><strong>lege</strong></span> 
     </span>
     <span class='ocr_line' id='line_1_20' title="bbox 348 1474 2187 1542; baseline -0.002 -12"><span class='ocrx_word' id='word_1_178' title='bbox 348 1498 386 1530; x_wconf 92' lang='lat' dir='ltr'><strong>et</strong></span> <span class='ocrx_word' id='word_1_179' title='bbox 420 1506 559 1530; x_wconf 87' lang='lat' dir='ltr'><strong>norma</strong></span> <span class='ocrx_word' id='word_1_180' title='bbox 593 1492 773 1530; x_wconf 85' lang='lat' dir='ltr'><strong>ludorum</strong></span> <span class='ocrx_word' id='word_1_181' title='bbox 809 1491 1069 1530; x_wconf 87' lang='lat' dir='ltr'><strong>saecularium</strong></span> <span class='ocrx_word' id='word_1_182' title='bbox 1107 1492 1324 1530; x_wconf 88' lang='lat' dir='ltr'><strong>admissum</strong></span> <span class='ocrx_word' id='word_1_183' title='bbox 1360 1499 1437 1540; x_wconf 89' lang='lat' dir='ltr'><strong>est,</strong></span> <span class='ocrx_word' id='word_1_184' title='bbox 1471 1493 1592 1542; x_wconf 90' lang='lat' dir='ltr'><strong>idque</strong></span> <span class='ocrx_word' id='word_1_185' title='bbox 1621 1493 1690 1542; x_wconf 87' lang='lat' dir='ltr'><strong>qui</strong></span> <span class='ocrx_word' id='word_1_186' title='bbox 1724 1503 1810 1530; x_wconf 87' lang='lat' dir='ltr'><strong>cum</strong></span> <span class='ocrx_word' id='word_1_187' title='bbox 1837 1489 1937 1529; x_wconf 77' lang='lat' dir='ltr'><strong>actis</strong></span> <span class='ocrx_word' id='word_1_188' title='bbox 1964 1489 2111 1528; x_wconf 80' lang='lat' dir='ltr'><strong>nostris</strong></span> <span class='ocrx_word' id='word_1_189' title='bbox 2169 1474 2187 1498; x_wconf 22' lang='grc' dir='ltr'>ἦ</span> 
     </span>
     <span class='ocr_line' id='line_1_21' title="bbox 348 1557 2111 1611; baseline -0.002 -13"><span class='ocrx_word' id='word_1_190' title='bbox 348 1560 649 1611; x_wconf 84' lang='lat' dir='ltr'><strong>comparaverit,</strong></span> <span class='ocrx_word' id='word_1_191' title='bbox 680 1564 844 1610; x_wconf 87' lang='lat' dir='ltr'><strong>utraque</strong></span> <span class='ocrx_word' id='word_1_192' title='bbox 874 1559 1032 1609; x_wconf 84' lang='lat' dir='ltr'><strong>egregie</strong></span> <span class='ocrx_word' id='word_1_193' title='bbox 1053 1560 1224 1598; x_wconf 88' lang='lat' dir='ltr'><strong>inveniet</strong></span> <span class='ocrx_word' id='word_1_194' title='bbox 1244 1562 1482 1611; x_wconf 86' lang='lat' dir='ltr'><strong>conspirare.</strong></span> <span class='ocrx_word' id='word_1_195' title='bbox 1523 1560 1705 1598; x_wconf 84' lang='lat' dir='ltr'><strong>Redeunt</strong></span> <span class='ocrx_word' id='word_1_196' title='bbox 1733 1559 1890 1610; x_wconf 79' lang='lat' dir='ltr'><strong>potiora</strong></span> <span class='ocrx_word' id='word_1_197' title='bbox 1908 1557 2042 1597; x_wconf 73' lang='lat' dir='ltr'><strong>omnia</strong></span> <span class='ocrx_word' id='word_1_198' title='bbox 2069 1557 2111 1595; x_wconf 86' lang='lat' dir='ltr'><strong>in</strong></span> 
     </span>
     <span class='ocr_line' id='line_1_22' title="bbox 347 1625 2110 1678; baseline -0.002 -12"><span class='ocrx_word' id='word_1_199' title='bbox 347 1630 446 1667; x_wconf 87' lang='lat' dir='ltr'><strong>actis</strong></span> <span class='ocrx_word' id='word_1_200' title='bbox 477 1634 694 1666; x_wconf 87' lang='lat' dir='ltr'><strong>memorata</strong></span> <span class='ocrx_word' id='word_1_201' title='bbox 723 1628 765 1665; x_wconf 90' lang='lat' dir='ltr'><strong>in</strong></span> <span class='ocrx_word' id='word_1_202' title='bbox 795 1628 884 1678; x_wconf 91' lang='lat' dir='ltr'><strong>ipso</strong></span> <span class='ocrx_word' id='word_1_203' title='bbox 905 1628 1077 1666; x_wconf 86' lang='lat' dir='ltr'><strong>carmine</strong></span> <span class='ocrx_word' id='word_1_204' title='bbox 1107 1634 1145 1665; x_wconf 86' lang='lat' dir='ltr'><strong>et</strong></span> <span class='ocrx_word' id='word_1_205' title='bbox 1164 1640 1265 1678; x_wconf 89' lang='lat' dir='ltr'><strong>quae</strong></span> <span class='ocrx_word' id='word_1_206' title='bbox 1287 1628 1482 1676; x_wconf 87' lang='lat' dir='ltr'><strong>differunt,</strong></span> <span class='ocrx_word' id='word_1_207' title='bbox 1513 1628 1762 1666; x_wconf 87' lang='lat' dir='ltr'><strong>continentur</strong></span> <span class='ocrx_word' id='word_1_208' title='bbox 1789 1627 1894 1666; x_wconf 78' lang='lat' dir='ltr'><strong>intra</strong></span> <span class='ocrx_word' id='word_1_209' title='bbox 1920 1625 2110 1665; x_wconf 86' lang='lat' dir='ltr'><strong>terminos</strong></span> 
     </span>
     <span class='ocr_line' id='line_1_23' title="bbox 347 1693 2110 1749; baseline 0 -16"><span class='ocrx_word' id='word_1_210' title='bbox 347 1696 592 1735; x_wconf 88' lang='lat' dir='ltr'><strong>executionis</strong></span> <span class='ocrx_word' id='word_1_211' title='bbox 623 1696 848 1749; x_wconf 85' lang='lat' dir='ltr'><strong>necessario</strong></span> <span class='ocrx_word' id='word_1_212' title='bbox 878 1696 927 1734; x_wconf 88' lang='lat' dir='ltr'><strong>iis</strong></span> <span class='ocrx_word' id='word_1_213' title='bbox 956 1695 1188 1746; x_wconf 85' lang='lat' dir='ltr'><strong>permissae,</strong></span> <span class='ocrx_word' id='word_1_214' title='bbox 1217 1709 1315 1746; x_wconf 90' lang='lat' dir='ltr'><strong>quos</strong></span> <span class='ocrx_word' id='word_1_215' title='bbox 1339 1698 1543 1748; x_wconf 87' lang='lat' dir='ltr'><strong>Augustus</strong></span> <span class='ocrx_word' id='word_1_216' title='bbox 1573 1696 1623 1734; x_wconf 86' lang='lat' dir='ltr'><strong>ad</strong></span> <span class='ocrx_word' id='word_1_217' title='bbox 1653 1708 1812 1735; x_wconf 86' lang='lat' dir='ltr'><strong>carmen</strong></span> <span class='ocrx_word' id='word_1_218' title='bbox 1839 1693 1940 1734; x_wconf 86' lang='lat' dir='ltr'><strong>illud</strong></span> <span class='ocrx_word' id='word_1_219' title='bbox 1958 1693 2110 1744; x_wconf 40' lang='lat' dir='ltr'><strong>,festum</strong></span> 
     </span>
     <span class='ocr_line' id='line_1_24' title="bbox 348 1763 688 1803; baseline -0.003 -1"><span class='ocrx_word' id='word_1_220' title='bbox 348 1765 530 1803; x_wconf 86' lang='lat' dir='ltr'><strong>ordinare</strong></span> <span class='ocrx_word' id='word_1_221' title='bbox 559 1763 688 1802; x_wconf 85' lang='lat' dir='ltr'><strong>iussit.</strong></span> 
     </span>
    </p>
   </div>
   <div class='ocr_carea' id='block_1_10' title="bbox 346 2050 2141 2156">
    <p class='ocr_par' dir='ltr' id='par_1_10' title="bbox 346 2050 2141 2156">
     <span class='ocr_line' id='line_1_25' title="bbox 450 2050 2141 2094; baseline -0.001 -10"><span class='ocrx_word' id='word_1_222' title='bbox 450 2050 480 2091; x_wconf 90' lang='lat'><strong>¹)</strong></span> <span class='ocrx_word' id='word_1_223' title='bbox 521 2051 733 2084; x_wconf 87' lang='lat' dir='ltr'><strong>Coniecturis</strong></span> <span class='ocrx_word' id='word_1_224' title='bbox 760 2052 877 2092; x_wconf 86' lang='lat' dir='ltr'><strong>acutis,</strong></span> <span class='ocrx_word' id='word_1_225' title='bbox 912 2053 973 2085; x_wconf 87' lang='lat' dir='ltr'><strong>sed</strong></span> <span class='ocrx_word' id='word_1_226' title='bbox 998 2062 1074 2085; x_wconf 89' lang='lat' dir='ltr'><strong>cum</strong></span> <span class='ocrx_word' id='word_1_227' title='bbox 1100 2052 1235 2084; x_wconf 87' lang='lat' dir='ltr'><strong>traditis</strong></span> <span class='ocrx_word' id='word_1_228' title='bbox 1260 2062 1380 2094; x_wconf 84' lang='lat' dir='ltr'><strong>parum</strong></span> <span class='ocrx_word' id='word_1_229' title='bbox 1407 2052 1641 2093; x_wconf 85' lang='lat' dir='ltr'><strong>conciliandis,</strong></span> <span class='ocrx_word' id='word_1_230' title='bbox 1674 2061 1758 2094; x_wconf 81' lang='lat' dir='ltr'><strong>quas</strong></span> <span class='ocrx_word' id='word_1_231' title='bbox 1783 2051 1826 2083; x_wconf 91' lang='lat' dir='ltr'><strong>de</strong></span> <span class='ocrx_word' id='word_1_232' title='bbox 1851 2050 2111 2094; x_wconf 76' lang='lat' dir='ltr'><strong>computationi·</strong></span> <span class='ocrx_word' id='word_1_233' title='bbox 2135 2064 2141 2067; x_wconf 15' lang='grc' dir='ltr'>ι</span> 
     </span>
     <span class='ocr_line' id='line_1_26' title="bbox 346 2111 2111 2156; baseline -0.001 -10"><span class='ocrx_word' id='word_1_234' title='bbox 346 2114 409 2146; x_wconf 95' lang='lat' dir='ltr'><strong>bus</strong></span> <span class='ocrx_word' id='word_1_235' title='bbox 435 2113 662 2145; x_wconf 87' lang='lat' dir='ltr'><strong>saecularibus</strong></span> <span class='ocrx_word' id='word_1_236' title='bbox 688 2113 769 2146; x_wconf 85' lang='lat' dir='ltr'><strong>Otto</strong></span> <span class='ocrx_word' id='word_1_237' title='bbox 796 2114 991 2146; x_wconf 88' lang='lat' dir='ltr'><strong>Hirschfeld</strong></span> <span class='ocrx_word' id='word_1_238' title='bbox 1026 2112 1178 2155; x_wconf 79' lang='lat' dir='ltr'><strong>(Wiener</strong></span> <span class='ocrx_word' id='word_1_239' title='bbox 1205 2111 1345 2146; x_wconf 82' lang='lat' dir='ltr'><strong>Studien</strong></span> <span class='ocrx_word' id='word_1_240' title='bbox 1375 2115 1465 2146; x_wconf 88' lang='lat'>1881</span> <span class='ocrx_word' id='word_1_241' title='bbox 1496 2125 1527 2156; x_wconf 89' lang='lat' dir='ltr'><strong>p.</strong></span> <span class='ocrx_word' id='word_1_242' title='bbox 1547 2114 1592 2147; x_wconf 86' lang='grc'><strong>97</strong></span> <span class='ocrx_word' id='word_1_243' title='bbox 1612 2112 1695 2156; x_wconf 86' lang='lat' dir='ltr'><strong>seq.)</strong></span> <span class='ocrx_word' id='word_1_244' title='bbox 1729 2112 1871 2156; x_wconf 82' lang='lat' dir='ltr'><strong>protulit</strong></span> <span class='ocrx_word' id='word_1_245' title='bbox 1895 2116 1929 2145; x_wconf 90' lang='lat' dir='ltr'><strong>et</strong></span> <span class='ocrx_word' id='word_1_246' title='bbox 1957 2111 2111 2155; x_wconf 83' lang='lat' dir='ltr'><strong>pluribus</strong></span> 
     </span>
    </p>
   </div>
   <div class='ocr_carea' id='block_1_11' title="bbox 2134 549 2216 2073">
    <p class='ocr_par' dir='ltr' id='par_1_11' title="bbox 2134 549 2216 2073">
     <span class='ocr_line' id='line_1_27' title="bbox 2134 549 2216 2073; baseline 0 0"><span class='ocrx_word' id='word_1_247' title='bbox 2134 549 2216 2073; x_wconf 95' lang='lat' dir='ltr'><strong> </strong></span> 
     </span>
    </p>
   </div>
   <div class='ocr_carea' id='block_1_12' title="bbox 347 2173 2216 2218">
    <p class='ocr_par' dir='ltr' id='par_1_12' title="bbox 347 2173 2216 2218">
     <span class='ocr_line' id='line_1_28' title="bbox 347 2173 2216 2218; baseline 0 -12"><span class='ocrx_word' id='word_1_248' title='bbox 347 2175 429 2207; x_wconf 87' lang='lat' dir='ltr'><strong>viris</strong></span> <span class='ocrx_word' id='word_1_249' title='bbox 456 2175 570 2216; x_wconf 90' lang='lat' dir='ltr'><strong>eisque</strong></span> <span class='ocrx_word' id='word_1_250' title='bbox 597 2175 735 2216; x_wconf 88' lang='lat' dir='ltr'><strong>optimis</strong></span> <span class='ocrx_word' id='word_1_251' title='bbox 761 2175 919 2217; x_wconf 87' lang='lat' dir='ltr'><strong>probavit</strong></span> <span class='ocrx_word' id='word_1_252' title='bbox 945 2176 1057 2216; x_wconf 89' lang='lat' dir='ltr'><strong>(Diels</strong></span> <span class='ocrx_word' id='word_1_253' title='bbox 1081 2176 1104 2208; x_wconf 90' lang='lat' dir='ltr'><strong>l.</strong></span> <span class='ocrx_word' id='word_1_254' title='bbox 1123 2186 1151 2208; x_wconf 89' lang='lat' dir='ltr'><strong>c.</strong></span> <span class='ocrx_word' id='word_1_255' title='bbox 1178 2186 1211 2218; x_wconf 87' lang='lat' dir='ltr'><strong>p.</strong></span> <span class='ocrx_word' id='word_1_256' title='bbox 1232 2174 1303 2216; x_wconf 89' lang='lat'>14),</span> <span class='ocrx_word' id='word_1_257' title='bbox 1335 2175 1492 2218; x_wconf 89' lang='lat' dir='ltr'><strong>equidem</strong></span> <span class='ocrx_word' id='word_1_258' title='bbox 1519 2186 1589 2208; x_wconf 88' lang='lat' dir='ltr'><strong>non</strong></span> <span class='ocrx_word' id='word_1_259' title='bbox 1616 2174 1801 2208; x_wconf 85' lang='lat' dir='ltr'><strong>adsentior.</strong></span> <span class='ocrx_word' id='word_1_260' title='bbox 1843 2173 1993 2217; x_wconf 77' lang='lat' dir='ltr'><strong>Augusti</strong></span> <span class='ocrx_word' id='word_1_261' title='bbox 2017 2174 2111 2206; x_wconf 86' lang='lat' dir='ltr'><strong>ordi-</strong></span> <span class='ocrx_word' id='word_1_262' title='bbox 2172 2175 2173 2178; x_wconf 77' lang='grc'>’</span> <span class='ocrx_word' id='word_1_263' title='bbox 2211 2175 2216 2180; x_wconf 79' lang='lat'>‘</span> 
     </span>
    </p>
   </div>
   <div class='ocr_carea' id='block_1_13' title="bbox 346 2235 2114 3016">
    <p class='ocr_par' dir='ltr' id='par_1_13' title="bbox 346 2235 2114 3016">
     <span class='ocr_line' id='line_1_29' title="bbox 347 2235 2109 2279; baseline 0 -11"><span class='ocrx_word' id='word_1_264' title='bbox 347 2237 439 2269; x_wconf 85' lang='lat' dir='ltr'><strong>natio</strong></span> <span class='ocrx_word' id='word_1_265' title='bbox 467 2240 501 2268; x_wconf 85' lang='lat' dir='ltr'><strong>et</strong></span> <span class='ocrx_word' id='word_1_266' title='bbox 526 2236 563 2268; x_wconf 91' lang='lat' dir='ltr'><strong>in</strong></span> <span class='ocrx_word' id='word_1_267' title='bbox 590 2237 680 2269; x_wconf 83' lang='lat' dir='ltr'><strong>clara</strong></span> <span class='ocrx_word' id='word_1_268' title='bbox 705 2237 780 2268; x_wconf 89' lang='lat' dir='ltr'><strong>luce</strong></span> <span class='ocrx_word' id='word_1_269' title='bbox 805 2237 917 2278; x_wconf 85' lang='lat' dir='ltr'><strong>posita</strong></span> <span class='ocrx_word' id='word_1_270' title='bbox 943 2242 993 2270; x_wconf 88' lang='lat' dir='ltr'><strong>est</strong></span> <span class='ocrx_word' id='word_1_271' title='bbox 1018 2242 1051 2269; x_wconf 90' lang='lat' dir='ltr'><strong>et</strong></span> <span class='ocrx_word' id='word_1_272' title='bbox 1077 2248 1098 2270; x_wconf 86' lang='lat' dir='ltr'><strong>a</strong></span> <span class='ocrx_word' id='word_1_273' title='bbox 1122 2237 1366 2279; x_wconf 86' lang='lat' dir='ltr'><strong>posterioribus</strong></span> <span class='ocrx_word' id='word_1_274' title='bbox 1391 2237 1439 2269; x_wconf 83' lang='lat' dir='ltr'><strong>ita</strong></span> <span class='ocrx_word' id='word_1_275' title='bbox 1464 2241 1597 2270; x_wconf 83' lang='lat' dir='ltr'><strong>retenta</strong></span> <span class='ocrx_word' id='word_1_276' title='bbox 1622 2241 1655 2269; x_wconf 87' lang='lat' dir='ltr'><strong>et</strong></span> <span class='ocrx_word' id='word_1_277' title='bbox 1681 2236 1892 2276; x_wconf 74' lang='lat' dir='ltr'><strong>confirmata,</strong></span> <span class='ocrx_word' id='word_1_278' title='bbox 1917 2240 1955 2268; x_wconf 84' lang='lat' dir='ltr'><strong>ut</strong></span> <span class='ocrx_word' id='word_1_279' title='bbox 1978 2235 2109 2279; x_wconf 84' lang='lat' dir='ltr'><strong>perspi-</strong></span> 
     </span>
     <span class='ocr_line' id='line_1_30' title="bbox 347 2297 2114 2341; baseline 0.001 -12"><span class='ocrx_word' id='word_1_280' title='bbox 347 2308 446 2330; x_wconf 90' lang='lat' dir='ltr'><strong>cuum</strong></span> <span class='ocrx_word' id='word_1_281' title='bbox 472 2298 515 2329; x_wconf 88' lang='lat' dir='ltr'><strong>sit</strong></span> <span class='ocrx_word' id='word_1_282' title='bbox 540 2308 598 2330; x_wconf 91' lang='lat' dir='ltr'><strong>eos</strong></span> <span class='ocrx_word' id='word_1_283' title='bbox 624 2298 771 2340; x_wconf 86' lang='lat' dir='ltr'><strong>pendere</strong></span> <span class='ocrx_word' id='word_1_284' title='bbox 798 2308 818 2330; x_wconf 87' lang='lat' dir='ltr'><strong>a</strong></span> <span class='ocrx_word' id='word_1_285' title='bbox 836 2299 973 2331; x_wconf 88' lang='lat' dir='ltr'><strong>cardine</strong></span> <span class='ocrx_word' id='word_1_286' title='bbox 999 2299 1079 2331; x_wconf 88' lang='lat' dir='ltr'><strong>anni</strong></span> <span class='ocrx_word' id='word_1_287' title='bbox 1099 2298 1166 2331; x_wconf 85' lang='lat'><strong>738</strong></span> <span class='ocrx_word' id='word_1_288' title='bbox 1195 2303 1229 2330; x_wconf 92' lang='lat' dir='ltr'><strong>et</strong></span> <span class='ocrx_word' id='word_1_289' title='bbox 1254 2308 1296 2330; x_wconf 90' lang='lat' dir='ltr'><strong>ne</strong></span> <span class='ocrx_word' id='word_1_290' title='bbox 1322 2298 1456 2331; x_wconf 90' lang='lat' dir='ltr'><strong>novisse</strong></span> <span class='ocrx_word' id='word_1_291' title='bbox 1483 2298 1620 2341; x_wconf 88' lang='lat' dir='ltr'><strong>quidem</strong></span> <span class='ocrx_word' id='word_1_292' title='bbox 1647 2297 1791 2331; x_wconf 86' lang='lat' dir='ltr'><strong>alterum</strong></span> <span class='ocrx_word' id='word_1_293' title='bbox 1815 2297 1858 2330; x_wconf 76' lang='lat' dir='ltr'><strong>ab</strong></span> <span class='ocrx_word' id='word_1_294' title='bbox 1876 2297 2114 2331; x_wconf 65' lang='lat' dir='ltr'><strong>Hirschfeldio&#39;</strong></span> 
     </span>
     <span class='ocr_line' id='line_1_31' title="bbox 347 2358 2108 2402; baseline 0.001 -12"><span class='ocrx_word' id='word_1_295' title='bbox 347 2359 562 2391; x_wconf 86' lang='lat' dir='ltr'><strong>substitutum</strong></span> <span class='ocrx_word' id='word_1_296' title='bbox 589 2369 619 2391; x_wconf 87' lang='lat' dir='ltr'><strong>a.</strong></span> <span class='ocrx_word' id='word_1_297' title='bbox 641 2360 722 2392; x_wconf 86' lang='lat'>731.</span> <span class='ocrx_word' id='word_1_298' title='bbox 773 2359 865 2393; x_wconf 87' lang='lat' dir='ltr'><strong>Sane</strong></span> <span class='ocrx_word' id='word_1_299' title='bbox 889 2360 1108 2392; x_wconf 88' lang='lat' dir='ltr'><strong>Domitianus</strong></span> <span class='ocrx_word' id='word_1_300' title='bbox 1141 2360 1241 2392; x_wconf 86' lang='lat' dir='ltr'><strong>ludos</strong></span> <span class='ocrx_word' id='word_1_301' title='bbox 1267 2360 1447 2393; x_wconf 86' lang='lat' dir='ltr'><strong>celebravit</strong></span> <span class='ocrx_word' id='word_1_302' title='bbox 1473 2361 1636 2393; x_wconf 84' lang='lat' dir='ltr'><strong>sexennio</strong></span> <span class='ocrx_word' id='word_1_303' title='bbox 1662 2364 1740 2392; x_wconf 86' lang='lat' dir='ltr'><strong>aute</strong></span> <span class='ocrx_word' id='word_1_304' title='bbox 1765 2363 1915 2402; x_wconf 81' lang='lat' dir='ltr'><strong>tempus,</strong></span> <span class='ocrx_word' id='word_1_305' title='bbox 1947 2358 2007 2392; x_wconf 84' lang='lat' dir='ltr'><strong>sed</strong></span> <span class='ocrx_word' id='word_1_306' title='bbox 2035 2359 2108 2401; x_wconf 84' lang='lat' dir='ltr'><strong>ipse</strong></span> 
     </span>
     <span class='ocr_line' id='line_1_32' title="bbox 347 2420 2111 2463; baseline 0.001 -11"><span class='ocrx_word' id='word_1_307' title='bbox 347 2421 522 2462; x_wconf 85' lang='lat' dir='ltr'><strong>Augustus</strong></span> <span class='ocrx_word' id='word_1_308' title='bbox 549 2431 633 2463; x_wconf 90' lang='lat' dir='ltr'><strong>quos</strong></span> <span class='ocrx_word' id='word_1_309' title='bbox 659 2431 689 2453; x_wconf 87' lang='lat' dir='ltr'><strong>a.</strong></span> <span class='ocrx_word' id='word_1_310' title='bbox 711 2421 778 2454; x_wconf 88' lang='grc'><strong>738</strong></span> <span class='ocrx_word' id='word_1_311' title='bbox 807 2422 907 2453; x_wconf 90' lang='lat' dir='ltr'><strong>edere</strong></span> <span class='ocrx_word' id='word_1_312' title='bbox 928 2421 1082 2461; x_wconf 83' lang='lat' dir='ltr'><strong>debebat,</strong></span> <span class='ocrx_word' id='word_1_313' title='bbox 1111 2421 1219 2453; x_wconf 85' lang='lat' dir='ltr'><strong>edidit</strong></span> <span class='ocrx_word' id='word_1_314' title='bbox 1243 2431 1333 2454; x_wconf 87' lang='lat' dir='ltr'><strong>anno</strong></span> <span class='ocrx_word' id='word_1_315' title='bbox 1360 2422 1595 2463; x_wconf 81' lang='lat' dir='ltr'><strong>praecedente,</strong></span> <span class='ocrx_word' id='word_1_316' title='bbox 1623 2426 1656 2454; x_wconf 91' lang='lat' dir='ltr'><strong>et</strong></span> <span class='ocrx_word' id='word_1_317' title='bbox 1682 2431 1758 2454; x_wconf 89' lang='lat' dir='ltr'><strong>cum</strong></span> <span class='ocrx_word' id='word_1_318' title='bbox 1776 2420 1958 2455; x_wconf 84' lang='lat' dir='ltr'><strong>Suetonius</strong></span> <span class='ocrx_word' id='word_1_319' title='bbox 1983 2420 2111 2453; x_wconf 82' lang='lat' dir='ltr'><strong>diserte</strong></span> 
     </span>
     <span class='ocr_line' id='line_1_33' title="bbox 347 2481 2109 2524; baseline -0.001 -9"><span class='ocrx_word' id='word_1_320' title='bbox 347 2483 471 2516; x_wconf 89' lang='lat' dir='ltr'><strong>scribat</strong></span> <span class='ocrx_word' id='word_1_321' title='bbox 487 2483 722 2515; x_wconf 86' lang='lat' dir='ltr'><strong>Domitianum</strong></span> <span class='ocrx_word' id='word_1_322' title='bbox 741 2483 887 2524; x_wconf 82' lang='lat' dir='ltr'><strong>Augusti</strong></span> <span class='ocrx_word' id='word_1_323' title='bbox 914 2483 1163 2515; x_wconf 85' lang='lat' dir='ltr'><strong>ordinationem</strong></span> <span class='ocrx_word' id='word_1_324' title='bbox 1189 2487 1337 2515; x_wconf 87' lang='lat' dir='ltr'><strong>secutum</strong></span> <span class='ocrx_word' id='word_1_325' title='bbox 1365 2493 1450 2524; x_wconf 87' lang='lat' dir='ltr'><strong>esse,</strong></span> <span class='ocrx_word' id='word_1_326' title='bbox 1477 2484 1526 2516; x_wconf 81' lang='lat' dir='ltr'><strong>ita</strong></span> <span class='ocrx_word' id='word_1_327' title='bbox 1552 2493 1627 2516; x_wconf 84' lang='lat' dir='ltr'><strong>eam</strong></span> <span class='ocrx_word' id='word_1_328' title='bbox 1653 2486 1785 2515; x_wconf 77' lang='lat' dir='ltr'><strong>secutus</strong></span> <span class='ocrx_word' id='word_1_329' title='bbox 1811 2486 1873 2523; x_wconf 88' lang='lat' dir='ltr'><strong>est,</strong></span> <span class='ocrx_word' id='word_1_330' title='bbox 1900 2486 1939 2514; x_wconf 87' lang='lat' dir='ltr'><strong>ut</strong></span> <span class='ocrx_word' id='word_1_331' title='bbox 1963 2481 2109 2514; x_wconf 85' lang='lat' dir='ltr'><strong>similem</strong></span> 
     </span>
     <span class='ocr_line' id='line_1_34' title="bbox 347 2543 2108 2587; baseline -0.001 -10"><span class='ocrx_word' id='word_1_332' title='bbox 347 2545 626 2587; x_wconf 87' lang='lat' dir='ltr'><strong>anticipationem</strong></span> <span class='ocrx_word' id='word_1_333' title='bbox 644 2545 848 2584; x_wconf 86' lang='lat' dir='ltr'><strong>admitteret,</strong></span> <span class='ocrx_word' id='word_1_334' title='bbox 877 2555 952 2576; x_wconf 90' lang='lat' dir='ltr'><strong>cum</strong></span> <span class='ocrx_word' id='word_1_335' title='bbox 978 2545 1176 2586; x_wconf 87' lang='lat' dir='ltr'><strong>praesertim</strong></span> <span class='ocrx_word' id='word_1_336' title='bbox 1203 2554 1243 2577; x_wconf 84' lang='lat' dir='ltr'><strong>ea</strong></span> <span class='ocrx_word' id='word_1_337' title='bbox 1261 2555 1394 2587; x_wconf 91' lang='lat' dir='ltr'><strong>quoque</strong></span> <span class='ocrx_word' id='word_1_338' title='bbox 1420 2554 1506 2587; x_wconf 84' lang='lat' dir='ltr'><strong>quae</strong></span> <span class='ocrx_word' id='word_1_339' title='bbox 1533 2545 1575 2577; x_wconf 91' lang='lat' dir='ltr'><strong>de</strong></span> <span class='ocrx_word' id='word_1_340' title='bbox 1599 2544 1690 2577; x_wconf 89' lang='lat' dir='ltr'><strong>ludis</strong></span> <span class='ocrx_word' id='word_1_341' title='bbox 1715 2554 1746 2577; x_wconf 83' lang='lat' dir='ltr'><strong>u.</strong></span> <span class='ocrx_word' id='word_1_342' title='bbox 1766 2543 1835 2577; x_wconf 83' lang='lat'><strong>605</strong></span> <span class='ocrx_word' id='word_1_343' title='bbox 1862 2547 2016 2577; x_wconf 81' lang='lat' dir='ltr'><strong>auctores</strong></span> <span class='ocrx_word' id='word_1_344' title='bbox 2042 2548 2108 2576; x_wconf 80' lang='lat' dir='ltr'><strong>tra-</strong></span> 
     </span>
     <span class='ocr_line' id='line_1_35' title="bbox 347 2605 2109 2648; baseline -0.001 -10"><span class='ocrx_word' id='word_1_345' title='bbox 347 2607 431 2638; x_wconf 88' lang='lat' dir='ltr'><strong>dunt</strong></span> <span class='ocrx_word' id='word_1_346' title='bbox 457 2606 639 2638; x_wconf 83' lang='lat' dir='ltr'><strong>ostendant</strong></span> <span class='ocrx_word' id='word_1_347' title='bbox 664 2616 723 2638; x_wconf 90' lang='lat' dir='ltr'><strong>eos</strong></span> <span class='ocrx_word' id='word_1_348' title='bbox 749 2611 826 2648; x_wconf 85' lang='lat' dir='ltr'><strong>post</strong></span> <span class='ocrx_word' id='word_1_349' title='bbox 852 2610 982 2647; x_wconf 87' lang='lat' dir='ltr'><strong>tempus</strong></span> <span class='ocrx_word' id='word_1_350' title='bbox 1010 2606 1065 2638; x_wconf 90' lang='lat' dir='ltr'><strong>edi</strong></span> <span class='ocrx_word' id='word_1_351' title='bbox 1092 2606 1242 2648; x_wconf 90' lang='lat' dir='ltr'><strong>potuisse</strong></span> <span class='ocrx_word' id='word_1_352' title='bbox 1269 2611 1301 2638; x_wconf 89' lang='lat' dir='ltr'><strong>et</strong></span> <span class='ocrx_word' id='word_1_353' title='bbox 1330 2610 1408 2648; x_wconf 87' lang='lat' dir='ltr'><strong>post</strong></span> <span class='ocrx_word' id='word_1_354' title='bbox 1434 2606 1671 2638; x_wconf 87' lang='lat' dir='ltr'><strong>Domitianum</strong></span> <span class='ocrx_word' id='word_1_355' title='bbox 1697 2606 1860 2638; x_wconf 86' lang='lat' dir='ltr'><strong>sexennio</strong></span> <span class='ocrx_word' id='word_1_356' title='bbox 1885 2605 1945 2637; x_wconf 92' lang='lat' dir='ltr'><strong>illo</strong></span> <span class='ocrx_word' id='word_1_357' title='bbox 1970 2605 2109 2648; x_wconf 86' lang='lat' dir='ltr'><strong>insuper</strong></span> 
     </span>
     <span class='ocr_line' id='line_1_36' title="bbox 346 2666 2109 2710; baseline 0 -11"><span class='ocrx_word' id='word_1_358' title='bbox 346 2668 464 2699; x_wconf 83' lang='lat' dir='ltr'><strong>habito</strong></span> <span class='ocrx_word' id='word_1_359' title='bbox 489 2667 617 2699; x_wconf 88' lang='lat' dir='ltr'><strong>reditus</strong></span> <span class='ocrx_word' id='word_1_360' title='bbox 642 2667 750 2699; x_wconf 86' lang='lat' dir='ltr'><strong>faetus</strong></span> <span class='ocrx_word' id='word_1_361' title='bbox 778 2668 822 2699; x_wconf 87' lang='lat' dir='ltr'><strong>sit</strong></span> <span class='ocrx_word' id='word_1_362' title='bbox 847 2667 892 2699; x_wconf 85' lang='lat' dir='ltr'><strong>ad</strong></span> <span class='ocrx_word' id='word_1_363' title='bbox 917 2668 1206 2709; x_wconf 84' lang='lat' dir='ltr'><strong>computationem</strong></span> <span class='ocrx_word' id='word_1_364' title='bbox 1233 2666 1274 2699; x_wconf 86' lang='lat' dir='ltr'><strong>ab</strong></span> <span class='ocrx_word' id='word_1_365' title='bbox 1299 2668 1455 2710; x_wconf 84' lang='lat' dir='ltr'><strong>Augusto</strong></span> <span class='ocrx_word' id='word_1_366' title='bbox 1481 2668 1680 2700; x_wconf 88' lang='lat' dir='ltr'><strong>institutam.</strong></span> <span class='ocrx_word' id='word_1_367' title='bbox 1725 2667 1909 2700; x_wconf 77' lang='lat' dir='ltr'><strong>Praeterea</strong></span> <span class='ocrx_word' id='word_1_368' title='bbox 1933 2667 2109 2709; x_wconf 76' lang='lat' dir='ltr'><strong>Augustus</strong></span> 
     </span>
     <span class='ocr_line' id='line_1_37' title="bbox 347 2727 2107 2771; baseline -0.001 -11"><span class='ocrx_word' id='word_1_369' title='bbox 347 2730 375 2761; x_wconf 88' lang='lat' dir='ltr'><strong>si</strong></span> <span class='ocrx_word' id='word_1_370' title='bbox 407 2729 577 2761; x_wconf 85' lang='lat' dir='ltr'><strong>saeculum</strong></span> <span class='ocrx_word' id='word_1_371' title='bbox 607 2729 706 2760; x_wconf 89' lang='lat' dir='ltr'><strong>finire</strong></span> <span class='ocrx_word' id='word_1_372' title='bbox 738 2729 899 2761; x_wconf 86' lang='lat' dir='ltr'><strong>voluisset</strong></span> <span class='ocrx_word' id='word_1_373' title='bbox 930 2738 961 2761; x_wconf 84' lang='lat' dir='ltr'><strong>a.</strong></span> <span class='ocrx_word' id='word_1_374' title='bbox 982 2729 1049 2761; x_wconf 88' lang='grc'><strong>731</strong></span> <span class='ocrx_word' id='word_1_375' title='bbox 1083 2733 1117 2761; x_wconf 91' lang='lat' dir='ltr'><strong>et</strong></span> <span class='ocrx_word' id='word_1_376' title='bbox 1147 2733 1286 2771; x_wconf 83' lang='lat' dir='ltr'><strong>propter</strong></span> <span class='ocrx_word' id='word_1_377' title='bbox 1310 2729 1466 2761; x_wconf 82' lang='lat' dir='ltr'><strong>Marcelli</strong></span> <span class='ocrx_word' id='word_1_378' title='bbox 1498 2733 1639 2761; x_wconf 87' lang='lat' dir='ltr'><strong>mortem</strong></span> <span class='ocrx_word' id='word_1_379' title='bbox 1673 2728 1854 2761; x_wconf 89' lang='lat' dir='ltr'><strong>consilium</strong></span> <span class='ocrx_word' id='word_1_380' title='bbox 1885 2727 2107 2770; x_wconf 80' lang='lat' dir='ltr'><strong>deposuisset,</strong></span> 
     </span>
     <span class='ocr_line' id='line_1_38' title="bbox 347 2789 2107 2833; baseline 0 -11"><span class='ocrx_word' id='word_1_381' title='bbox 347 2791 429 2833; x_wconf 87' lang='lat' dir='ltr'><strong>quid</strong></span> <span class='ocrx_word' id='word_1_382' title='bbox 455 2791 591 2823; x_wconf 88' lang='lat' dir='ltr'><strong>vetabat</strong></span> <span class='ocrx_word' id='word_1_383' title='bbox 615 2791 714 2823; x_wconf 92' lang='lat' dir='ltr'><strong>ludos</strong></span> <span class='ocrx_word' id='word_1_384' title='bbox 740 2795 817 2833; x_wconf 87' lang='lat' dir='ltr'><strong>post</strong></span> <span class='ocrx_word' id='word_1_385' title='bbox 843 2800 968 2822; x_wconf 86' lang='lat' dir='ltr'><strong>annum</strong></span> <span class='ocrx_word' id='word_1_386' title='bbox 995 2790 1044 2822; x_wconf 87' lang='lat' dir='ltr'><strong>ita</strong></span> <span class='ocrx_word' id='word_1_387' title='bbox 1070 2790 1181 2830; x_wconf 90' lang='lat' dir='ltr'><strong>edere,</strong></span> <span class='ocrx_word' id='word_1_388' title='bbox 1209 2794 1246 2822; x_wconf 92' lang='lat' dir='ltr'><strong>ut</strong></span> <span class='ocrx_word' id='word_1_389' title='bbox 1271 2791 1478 2832; x_wconf 85' lang='lat' dir='ltr'><strong>computatio</strong></span> <span class='ocrx_word' id='word_1_390' title='bbox 1504 2791 1680 2823; x_wconf 83' lang='lat' dir='ltr'><strong>maneret?</strong></span> <span class='ocrx_word' id='word_1_391' title='bbox 1729 2789 1889 2832; x_wconf 87' lang='lat' dir='ltr'><strong>Denique</strong></span> <span class='ocrx_word' id='word_1_392' title='bbox 1913 2799 1990 2822; x_wconf 89' lang='lat' dir='ltr'><strong>cum</strong></span> <span class='ocrx_word' id='word_1_393' title='bbox 2015 2789 2107 2822; x_wconf 79' lang='lat' dir='ltr'><strong>Mar-</strong></span> 
     </span>
     <span class='ocr_line' id='line_1_39' title="bbox 346 2849 2107 2894; baseline -0.001 -11"><span class='ocrx_word' id='word_1_394' title='bbox 346 2852 450 2884; x_wconf 90' lang='lat' dir='ltr'><strong>cellus</strong></span> <span class='ocrx_word' id='word_1_395' title='bbox 477 2852 567 2884; x_wconf 90' lang='lat' dir='ltr'><strong>diem</strong></span> <span class='ocrx_word' id='word_1_396' title='bbox 594 2852 716 2884; x_wconf 88' lang='lat' dir='ltr'><strong>obierit</strong></span> <span class='ocrx_word' id='word_1_397' title='bbox 741 2857 819 2894; x_wconf 86' lang='lat' dir='ltr'><strong>post</strong></span> <span class='ocrx_word' id='word_1_398' title='bbox 846 2852 981 2884; x_wconf 88' lang='lat' dir='ltr'><strong>brevem</strong></span> <span class='ocrx_word' id='word_1_399' title='bbox 1008 2851 1254 2894; x_wconf 85' lang='lat' dir='ltr'><strong>aegritudinem</strong></span> <span class='ocrx_word' id='word_1_400' title='bbox 1280 2861 1350 2884; x_wconf 91' lang='lat' dir='ltr'><strong>non</strong></span> <span class='ocrx_word' id='word_1_401' title='bbox 1376 2856 1454 2884; x_wconf 87' lang='lat' dir='ltr'><strong>ante</strong></span> <span class='ocrx_word' id='word_1_402' title='bbox 1479 2862 1630 2884; x_wconf 86' lang='lat' dir='ltr'><strong>mensem</strong></span> <span class='ocrx_word' id='word_1_403' title='bbox 1656 2853 1848 2893; x_wconf 84' lang='lat' dir='ltr'><strong>Augustum</strong></span> <span class='ocrx_word' id='word_1_404' title='bbox 1881 2849 1984 2891; x_wconf 82' lang='lat' dir='ltr'><strong>(Piin.</strong></span> <span class='ocrx_word' id='word_1_405' title='bbox 2011 2849 2045 2882; x_wconf 86' lang='lat' dir='ltr'><strong>h.</strong></span> <span class='ocrx_word' id='word_1_406' title='bbox 2073 2860 2107 2883; x_wconf 91' lang='lat' dir='ltr'><strong>n.</strong></span> 
     </span>
     <span class='ocr_line' id='line_1_40' title="bbox 349 2911 2108 2954; baseline -0.001 -10"><span class='ocrx_word' id='word_1_407' title='bbox 349 2914 404 2953; x_wconf 88' lang='lat'><strong>19,</strong></span> <span class='ocrx_word' id='word_1_408' title='bbox 435 2914 467 2952; x_wconf 82' lang='lat' dir='ltr'><strong>l,</strong></span> <span class='ocrx_word' id='word_1_409' title='bbox 497 2913 557 2952; x_wconf 77' lang='lat'><strong>293</strong></span> <span class='ocrx_word' id='word_1_410' title='bbox 591 2913 660 2945; x_wconf 93' lang='lat' dir='ltr'><strong>Dio</strong></span> <span class='ocrx_word' id='word_1_411' title='bbox 689 2912 745 2953; x_wconf 84' lang='lat'><strong>53,</strong></span> <span class='ocrx_word' id='word_1_412' title='bbox 775 2911 854 2952; x_wconf 87' lang='lat'><strong>31),</strong></span> <span class='ocrx_word' id='word_1_413' title='bbox 889 2913 960 2944; x_wconf 92' lang='lat' dir='ltr'><strong>ludi</strong></span> <span class='ocrx_word' id='word_1_414' title='bbox 987 2912 1022 2944; x_wconf 92' lang='lat' dir='ltr'><strong>hi</strong></span> <span class='ocrx_word' id='word_1_415' title='bbox 1055 2913 1172 2954; x_wconf 87' lang='lat' dir='ltr'><strong>primis</strong></span> <span class='ocrx_word' id='word_1_416' title='bbox 1200 2912 1318 2949; x_wconf 90' lang='lat' dir='ltr'><strong>diebus</strong></span> <span class='ocrx_word' id='word_1_417' title='bbox 1343 2914 1467 2945; x_wconf 88' lang='lat' dir='ltr'><strong>mensis</strong></span> <span class='ocrx_word' id='word_1_418' title='bbox 1492 2913 1584 2945; x_wconf 92' lang='lat' dir='ltr'><strong>Iunii</strong></span> <span class='ocrx_word' id='word_1_419' title='bbox 1615 2912 1739 2945; x_wconf 88' lang='lat' dir='ltr'><strong>edendi</strong></span> <span class='ocrx_word' id='word_1_420' title='bbox 1764 2922 1804 2944; x_wconf 90' lang='lat' dir='ltr'><strong>eo</strong></span> <span class='ocrx_word' id='word_1_421' title='bbox 1830 2911 1923 2944; x_wconf 85' lang='lat' dir='ltr'><strong>luctu</strong></span> <span class='ocrx_word' id='word_1_422' title='bbox 1947 2911 2108 2953; x_wconf 89' lang='lat' dir='ltr'><strong>impediri</strong></span> 
     </span>
     <span class='ocr_line' id='line_1_41' title="bbox 346 2972 2106 3016; baseline -0.001 -10"><span class='ocrx_word' id='word_1_423' title='bbox 346 2984 415 3006; x_wconf 90' lang='lat' dir='ltr'><strong>non</strong></span> <span class='ocrx_word' id='word_1_424' title='bbox 447 2978 639 3015; x_wconf 85' lang='lat' dir='ltr'><strong>potuerunt.</strong></span> <span class='ocrx_word' id='word_1_425' title='bbox 692 2974 761 3007; x_wconf 91' lang='lat' dir='ltr'><strong>Sed</strong></span> <span class='ocrx_word' id='word_1_426' title='bbox 787 2984 856 3006; x_wconf 92' lang='lat' dir='ltr'><strong>non</strong></span> <span class='ocrx_word' id='word_1_427' title='bbox 883 2984 967 3015; x_wconf 85' lang='lat' dir='ltr'><strong>opus</strong></span> <span class='ocrx_word' id='word_1_428' title='bbox 994 2978 1043 3006; x_wconf 89' lang='lat' dir='ltr'><strong>est</strong></span> <span class='ocrx_word' id='word_1_429' title='bbox 1068 2973 1122 3006; x_wconf 87' lang='lat' dir='ltr'><strong>his</strong></span> <span class='ocrx_word' id='word_1_430' title='bbox 1147 2974 1467 3007; x_wconf 81' lang='lat' dir='ltr'><strong>ratiocinationibus</strong></span> <span class='ocrx_word' id='word_1_431' title='bbox 1493 2974 1685 3015; x_wconf 84' lang='lat' dir='ltr'><strong>immorari3</strong></span> <span class='ocrx_word' id='word_1_432' title='bbox 1721 2972 1953 3016; x_wconf 75' lang='lat' dir='ltr'><strong>quaestionem</strong></span> <span class='ocrx_word' id='word_1_433' title='bbox 1981 2972 2106 3005; x_wconf 84' lang='lat' dir='ltr'><strong>diserto</strong></span> 
     </span>
    </p>
   </div>
   <div class='ocr_carea' id='block_1_14' title="bbox 346 3030 2161 3079">
    <p class='ocr_par' dir='ltr' id='par_1_14' title="bbox 346 3030 2161 3079">
     <span class='ocr_line' id='line_1_42' title="bbox 346 3030 2161 3079; baseline -0.001 -12"><span class='ocrx_word' id='word_1_434' title='bbox 346 3035 541 3067; x_wconf 90' lang='lat' dir='ltr'><strong>testimonio</strong></span> <span class='ocrx_word' id='word_1_435' title='bbox 568 3036 728 3067; x_wconf 90' lang='lat' dir='ltr'><strong>decidunt</strong></span> <span class='ocrx_word' id='word_1_436' title='bbox 753 3035 831 3067; x_wconf 84' lang='lat' dir='ltr'><strong>fasti</strong></span> <span class='ocrx_word' id='word_1_437' title='bbox 858 3035 1044 3077; x_wconf 79' lang='lat' dir='ltr'><strong>Capitolini</strong></span> <span class='ocrx_word' id='word_1_438' title='bbox 1071 3035 1311 3068; x_wconf 83' lang='lat' dir='ltr'><strong>additamentis</strong></span> <span class='ocrx_word' id='word_1_439' title='bbox 1338 3046 1424 3078; x_wconf 89' lang='lat' dir='ltr'><strong>quae</strong></span> <span class='ocrx_word' id='word_1_440' title='bbox 1457 3036 1582 3079; x_wconf 82' lang='lat' dir='ltr'><strong>habent</strong></span> <span class='ocrx_word' id='word_1_441' title='bbox 1607 3036 1649 3068; x_wconf 90' lang='lat' dir='ltr'><strong>de</strong></span> <span class='ocrx_word' id='word_1_442' title='bbox 1679 3035 1768 3067; x_wconf 88' lang='lat' dir='ltr'><strong>ludis</strong></span> <span class='ocrx_word' id='word_1_443' title='bbox 1794 3033 2021 3067; x_wconf 77' lang='lat' dir='ltr'><strong>saecularibus</strong></span> <span class='ocrx_word' id='word_1_444' title='bbox 2047 3033 2106 3066; x_wconf 85' lang='lat' dir='ltr'><strong>ad·</strong></span> <span class='ocrx_word' id='word_1_445' title='bbox 2159 3030 2161 3032; x_wconf 69' lang='grc'><strong>’</strong></span> 
     </span>
    </p>
   </div>
   <div class='ocr_carea' id='block_1_15' title="bbox 344 3095 2107 3495">
    <p class='ocr_par' dir='ltr' id='par_1_15' title="bbox 344 3095 2107 3495">
     <span class='ocr_line' id='line_1_43' title="bbox 346 3095 2107 3139; baseline 0 -11"><span class='ocrx_word' id='word_1_446' title='bbox 346 3097 479 3138; x_wconf 84' lang='lat' dir='ltr'><strong>scriptis</strong></span> <span class='ocrx_word' id='word_1_447' title='bbox 504 3097 693 3138; x_wconf 86' lang='lat' dir='ltr'><strong>imperante</strong></span> <span class='ocrx_word' id='word_1_448' title='bbox 719 3097 893 3128; x_wconf 80' lang='lat' dir='ltr'><strong>etiamtum</strong></span> <span class='ocrx_word' id='word_1_449' title='bbox 921 3098 1075 3139; x_wconf 87' lang='lat' dir='ltr'><strong>Augusto</strong></span> <span class='ocrx_word' id='word_1_450' title='bbox 1110 3096 1225 3139; x_wconf 85' lang='lat' dir='ltr'><strong>(supra</strong></span> <span class='ocrx_word' id='word_1_451' title='bbox 1249 3108 1281 3139; x_wconf 91' lang='lat' dir='ltr'><strong>p.</strong></span> <span class='ocrx_word' id='word_1_452' title='bbox 1303 3097 1372 3129; x_wconf 83' lang='lat'><strong>225</strong></span> <span class='ocrx_word' id='word_1_453' title='bbox 1399 3101 1469 3129; x_wconf 84' lang='lat' dir='ltr'><strong>not.</strong></span> <span class='ocrx_word' id='word_1_454' title='bbox 1492 3097 1525 3138; x_wconf 81' lang='lat'><strong>2)</strong></span> <span class='ocrx_word' id='word_1_455' title='bbox 1558 3107 1628 3130; x_wconf 92' lang='lat' dir='ltr'><strong>non</strong></span> <span class='ocrx_word' id='word_1_456' title='bbox 1660 3097 1704 3130; x_wconf 86' lang='lat' dir='ltr'><strong>ad</strong></span> <span class='ocrx_word' id='word_1_457' title='bbox 1730 3095 2107 3129; x_wconf 71' lang='lat' dir='ltr'><strong>annosflirschfeldia-</strong></span> 
     </span>
     <span class='ocr_line' id='line_1_44' title="bbox 345 3156 2107 3200; baseline -0.001 -10"><span class='ocrx_word' id='word_1_458' title='bbox 345 3167 418 3198; x_wconf 86' lang='lat' dir='ltr'><strong>nos,</strong></span> <span class='ocrx_word' id='word_1_459' title='bbox 447 3158 505 3190; x_wconf 86' lang='lat' dir='ltr'><strong>sed</strong></span> <span class='ocrx_word' id='word_1_460' title='bbox 531 3158 574 3190; x_wconf 86' lang='lat' dir='ltr'><strong>ad</strong></span> <span class='ocrx_word' id='word_1_461' title='bbox 601 3168 658 3190; x_wconf 91' lang='lat' dir='ltr'><strong>eos</strong></span> <span class='ocrx_word' id='word_1_462' title='bbox 685 3169 768 3200; x_wconf 89' lang='lat' dir='ltr'><strong>quos</strong></span> <span class='ocrx_word' id='word_1_463' title='bbox 794 3158 936 3200; x_wconf 84' lang='lat' dir='ltr'><strong>requirit</strong></span> <span class='ocrx_word' id='word_1_464' title='bbox 962 3159 1133 3191; x_wconf 87' lang='lat' dir='ltr'><strong>saeculum</strong></span> <span class='ocrx_word' id='word_1_465' title='bbox 1161 3158 1226 3190; x_wconf 91' lang='lat' dir='ltr'><strong>CX</strong></span> <span class='ocrx_word' id='word_1_466' title='bbox 1252 3168 1430 3191; x_wconf 85' lang='lat' dir='ltr'><strong>annorum.</strong></span> <span class='ocrx_word' id='word_1_467' title='bbox 1481 3159 1571 3191; x_wconf 86' lang='lat' dir='ltr'><strong>Nam</strong></span> <span class='ocrx_word' id='word_1_468' title='bbox 1597 3158 1764 3200; x_wconf 87' lang='lat' dir='ltr'><strong>deperditi</strong></span> <span class='ocrx_word' id='word_1_469' title='bbox 1791 3157 1928 3200; x_wconf 88' lang='lat' dir='ltr'><strong>quidem</strong></span> <span class='ocrx_word' id='word_1_470' title='bbox 1953 3161 2032 3189; x_wconf 88' lang='lat' dir='ltr'><strong>sunt</strong></span> <span class='ocrx_word' id='word_1_471' title='bbox 2057 3156 2107 3197; x_wconf 84' lang='lat' dir='ltr'><strong>(ut</strong></span> 
     </span>
     <span class='ocr_line' id='line_1_45' title="bbox 346 3217 2106 3262; baseline 0.001 -12"><span class='ocrx_word' id='word_1_472' title='bbox 346 3219 463 3251; x_wconf 89' lang='lat' dir='ltr'><strong>docuit</strong></span> <span class='ocrx_word' id='word_1_473' title='bbox 487 3229 541 3251; x_wconf 91' lang='lat' dir='ltr'><strong>me</strong></span> <span class='ocrx_word' id='word_1_474' title='bbox 567 3219 610 3251; x_wconf 91' lang='lat' dir='ltr'><strong>de</strong></span> <span class='ocrx_word' id='word_1_475' title='bbox 635 3229 676 3251; x_wconf 88' lang='lat' dir='ltr'><strong>ea</strong></span> <span class='ocrx_word' id='word_1_476' title='bbox 701 3230 736 3252; x_wconf 91' lang='lat' dir='ltr'><strong>re</strong></span> <span class='ocrx_word' id='word_1_477' title='bbox 762 3220 986 3261; x_wconf 84' lang='lat' dir='ltr'><strong>interrogatus</strong></span> <span class='ocrx_word' id='word_1_478' title='bbox 1013 3220 1215 3259; x_wconf 87' lang='lat' dir='ltr'><strong>Huelsenus)</strong></span> <span class='ocrx_word' id='word_1_479' title='bbox 1248 3220 1333 3260; x_wconf 91' lang='lat' dir='ltr'><strong>loci,</strong></span> <span class='ocrx_word' id='word_1_480' title='bbox 1367 3221 1404 3252; x_wconf 90' lang='lat' dir='ltr'><strong>in</strong></span> <span class='ocrx_word' id='word_1_481' title='bbox 1431 3220 1552 3262; x_wconf 90' lang='lat' dir='ltr'><strong>quibus</strong></span> <span class='ocrx_word' id='word_1_482' title='bbox 1584 3220 1657 3252; x_wconf 90' lang='lat' dir='ltr'><strong>ludi</strong></span> <span class='ocrx_word' id='word_1_483' title='bbox 1683 3230 1714 3252; x_wconf 88' lang='lat' dir='ltr'><strong>a.</strong></span> <span class='ocrx_word' id='word_1_484' title='bbox 1735 3219 1815 3252; x_wconf 82' lang='lat'>298.</span> <span class='ocrx_word' id='word_1_485' title='bbox 1844 3218 1924 3251; x_wconf 88' lang='lat'>408.</span> <span class='ocrx_word' id='word_1_486' title='bbox 1953 3219 2021 3251; x_wconf 82' lang='lat'><strong>628</strong></span> <span class='ocrx_word' id='word_1_487' title='bbox 2053 3217 2106 3251; x_wconf 90' lang='lat' dir='ltr'><strong>in-</strong></span> 
     </span>
     <span class='ocr_line' id='line_1_46' title="bbox 346 3279 2106 3323; baseline -0.001 -11"><span class='ocrx_word' id='word_1_488' title='bbox 346 3280 516 3312; x_wconf 87' lang='lat' dir='ltr'><strong>scribendi</strong></span> <span class='ocrx_word' id='word_1_489' title='bbox 541 3280 694 3321; x_wconf 85' lang='lat' dir='ltr'><strong>fuerunt,</strong></span> <span class='ocrx_word' id='word_1_490' title='bbox 728 3285 763 3312; x_wconf 86' lang='lat' dir='ltr'><strong>at</strong></span> <span class='ocrx_word' id='word_1_491' title='bbox 788 3290 874 3323; x_wconf 81' lang='lat' dir='ltr'><strong>quae</strong></span> <span class='ocrx_word' id='word_1_492' title='bbox 901 3286 1053 3322; x_wconf 90' lang='lat' dir='ltr'><strong>superest</strong></span> <span class='ocrx_word' id='word_1_493' title='bbox 1078 3281 1253 3313; x_wconf 86' lang='lat' dir='ltr'><strong>adnotatio</strong></span> <span class='ocrx_word' id='word_1_494' title='bbox 1286 3281 1458 3323; x_wconf 84' lang='lat' dir='ltr'><strong>pertinens</strong></span> <span class='ocrx_word' id='word_1_495' title='bbox 1484 3281 1527 3314; x_wconf 87' lang='lat' dir='ltr'><strong>ad</strong></span> <span class='ocrx_word' id='word_1_496' title='bbox 1554 3291 1584 3314; x_wconf 87' lang='lat' dir='ltr'><strong>a.</strong></span> <span class='ocrx_word' id='word_1_497' title='bbox 1605 3281 1673 3313; x_wconf 86' lang='lat'><strong>518</strong></span> <span class='ocrx_word' id='word_1_498' title='bbox 1701 3281 1749 3313; x_wconf 87' lang='lat' dir='ltr'><strong>ita</strong></span> <span class='ocrx_word' id='word_1_499' title='bbox 1774 3279 1943 3313; x_wconf 79' lang='lat' dir='ltr'><strong>collocata</strong></span> <span class='ocrx_word' id='word_1_500' title='bbox 1967 3283 2034 3320; x_wconf 85' lang='lat' dir='ltr'><strong>est,</strong></span> <span class='ocrx_word' id='word_1_501' title='bbox 2066 3283 2106 3312; x_wconf 90' lang='lat' dir='ltr'><strong>nt</strong></span> 
     </span>
     <span class='ocr_line' id='line_1_47' title="bbox 344 3341 2104 3384; baseline 0 -11"><span class='ocrx_word' id='word_1_502' title='bbox 344 3341 439 3373; x_wconf 88' lang='lat' dir='ltr'><strong>nullo</strong></span> <span class='ocrx_word' id='word_1_503' title='bbox 470 3341 573 3374; x_wconf 91' lang='lat' dir='ltr'><strong>modo</strong></span> <span class='ocrx_word' id='word_1_504' title='bbox 606 3352 680 3374; x_wconf 85' lang='lat' dir='ltr'><strong>cum</strong></span> <span class='ocrx_word' id='word_1_505' title='bbox 706 3341 937 3374; x_wconf 80' lang='lat' dir='ltr'><strong>Hirschfeldio</strong></span> <span class='ocrx_word' id='word_1_506' title='bbox 969 3342 1013 3374; x_wconf 88' lang='lat' dir='ltr'><strong>ad</strong></span> <span class='ocrx_word' id='word_1_507' title='bbox 1045 3352 1075 3374; x_wconf 85' lang='lat' dir='ltr'><strong>a.</strong></span> <span class='ocrx_word' id='word_1_508' title='bbox 1103 3342 1171 3374; x_wconf 85' lang='lat'><strong>505</strong></span> <span class='ocrx_word' id='word_1_509' title='bbox 1203 3342 1333 3382; x_wconf 18' lang='lat' dir='ltr'><strong>,retrahi</strong></span> <span class='ocrx_word' id='word_1_510' title='bbox 1367 3343 1485 3384; x_wconf 87' lang='lat' dir='ltr'><strong>possit.</strong></span> <span class='ocrx_word' id='word_1_511' title='bbox 1535 3341 1708 3375; x_wconf 85' lang='lat' dir='ltr'><strong>Habemus</strong></span> <span class='ocrx_word' id='word_1_512' title='bbox 1738 3341 1841 3384; x_wconf 86' lang='lat' dir='ltr'><strong>igitur</strong></span> <span class='ocrx_word' id='word_1_513' title='bbox 1873 3341 2104 3374; x_wconf 85' lang='lat' dir='ltr'><strong>testimonium</strong></span> 
     </span>
     <span class='ocr_line' id='line_1_48' title="bbox 345 3401 2102 3447; baseline 0.001 -14"><span class='ocrx_word' id='word_1_514' title='bbox 345 3402 486 3443; x_wconf 87' lang='lat' dir='ltr'><strong>aequale</strong></span> <span class='ocrx_word' id='word_1_515' title='bbox 513 3403 555 3435; x_wconf 90' lang='lat' dir='ltr'><strong>de</strong></span> <span class='ocrx_word' id='word_1_516' title='bbox 580 3403 802 3436; x_wconf 85' lang='lat' dir='ltr'><strong>saecularium</strong></span> <span class='ocrx_word' id='word_1_517' title='bbox 828 3403 1040 3446; x_wconf 85' lang='lat' dir='ltr'><strong>superiorum</strong></span> <span class='ocrx_word' id='word_1_518' title='bbox 1065 3403 1185 3436; x_wconf 84' lang='lat' dir='ltr'><strong>ordine</strong></span> <span class='ocrx_word' id='word_1_519' title='bbox 1208 3414 1278 3437; x_wconf 91' lang='lat' dir='ltr'><strong>non</strong></span> <span class='ocrx_word' id='word_1_520' title='bbox 1304 3413 1403 3445; x_wconf 86' lang='lat' dir='ltr'><strong>vero,</strong></span> <span class='ocrx_word' id='word_1_521' title='bbox 1438 3404 1498 3437; x_wconf 87' lang='lat' dir='ltr'><strong>sed</strong></span> <span class='ocrx_word' id='word_1_522' title='bbox 1524 3413 1624 3447; x_wconf 88' lang='lat' dir='ltr'><strong>quem</strong></span> <span class='ocrx_word' id='word_1_523' title='bbox 1649 3403 1827 3445; x_wconf 83' lang='lat' dir='ltr'><strong>Augustus</strong></span> <span class='ocrx_word' id='word_1_524' title='bbox 1849 3413 1912 3445; x_wconf 89' lang='lat' dir='ltr'><strong>pro</strong></span> <span class='ocrx_word' id='word_1_525' title='bbox 1937 3411 2017 3435; x_wconf 90' lang='lat' dir='ltr'><strong>vero</strong></span> <span class='ocrx_word' id='word_1_526' title='bbox 2041 3401 2102 3434; x_wconf 79' lang='lat' dir='ltr'><strong>ad-</strong></span> 
     </span>
     <span class='ocr_line' id='line_1_49' title="bbox 346 3463 448 3495; baseline -0.01 0"><span class='ocrx_word' id='word_1_527' title='bbox 346 3463 448 3495; x_wconf 86' lang='lat' dir='ltr'><strong>misit.</strong></span> 
     </span>
    </p>
   </div>
  </div>
 </body>
</html>
