2216 3796
392 331 488 376 440
1068 344 1450 378 TARRAcoNENsm

393 464 472 508 191
487 481 510 505 a
557 465 693 518 Ubeda,
725 465 768 503 in
800 466 966 516 collegio
998 468 1223 508 scholarum
1251 469 1426 520 piarum,
1457 482 1538 519 rep.
1570 468 1613 507 in
1645 469 1755 521 colli,
1787 469 1831 508 in
1860 483 1939 520 quo
1969 468 2048 510 sita
2065 473 2137 510 'est
2190 501 2200 519 ἢ

447 537 485 574 la
506 540 605 574 torre
623 535 667 572 de
691 534 802 586 Τογα,
836 535 947 574 arula
977 536 1055 575 alta
1077 550 1128 575 m.
1154 539 1261 589 0.60,
1293 538 1374 576 lata
1403 537 1560 576 circiter
1583 539 1700 588 0.20;
1730 537 1884 577 litterae
1912 537 2136 590 insculptae
2175 540 2195 560 ³¹*

446 610 539 643 sunt
569 605 616 642 ab
647 608 816 653 utroque
845 604 968 642 latere
1000 602 1036 656 (a
1066 611 1105 643 et
1134 602 1180 657 b),
1218 620 1347 656 neque
1378 606 1596 656 quidquam
1625 606 1755 645 visum
1784 611 1844 645 est
1872 607 2020 647 deesse.

799 767 822 790 a
889 765 909 790 P
926 763 955 791 0
972 765 992 791 ε
1508 754 1527 791 b
1599 767 1651 793 EN

888 832 992 860 cosv
1600 835 1653 862 Po

893 902 998 929 osvs
1446 928 1450 934 ,
1600 903 1654 929 NT

906 971 934 997 v
951 970 980 998 ο

385 1117 589 1168 Descripsi
619 1131 667 1156 ex
697 1117 868 1168 imagine
899 1119 1190 1170 photographa,
1232 1133 1350 1168 quam
1389 1120 1500 1159 misit
1536 1120 1713 1159 Ioachim
1742 1122 1872 1161 Costa.
1939 1122 1981 1162 1-
2002 1122 2136 1162 'edidit

385 1181 670 1237 ‘Inscmjooiones
700 1187 761 1225 del
788 1187 864 1225 alto
897 1180 1192 1239 Guadalquivir'
1219 1188 1372 1227 Ramista
1407 1189 1539 1228 cm'tica
1566 1190 1586 1228 I
1620 1191 1727 1228 1896
1758 1203 1795 1240 p.
1821 1190 1900 1230 123
1931 1196 2134 1242 acceptam
2199 1229 2202 1233 ,

386 1258 434 1295 ab
465 1257 621 1306 Angelo
651 1258 700 1294 V.
733 1256 887 1294 Alonso
919 1262 958 1295 et
989 1256 1185 1295 Michaele
1214 1257 1318 1295 Ruiz
1347 1258 1638 1297 Ubedensibus.
2198 1301 2216 1313 ,=

443 1338 467 1363 a
495 1327 544 1364 V.
572 1327 590 1363 1
625 1337 651 1363 R
679 1325 864 1375 legerunt
893 1326 1035 1363 Oostae
1065 1325 1183 1365 amici
1218 1326 1455 1376 videturque
1490 1326 1534 1365 in
1570 1327 1742 1378 imagine
1780 1338 1884 1378 esse3
1924 1329 1995 1368 sed
2030 1329 2134 1380 lapis

384 1396 545 1433 fissuras
583 1395 704 1432 habet
744 1398 784 1432 et
821 1394 1021 1433 foramina
1067 1394 1233 1444 originis
1278 1396 1457 1434 noviciae
1495 1410 1578 1435 non
1614 1410 1752 1447 pauca.
1825 1398 1942 1437 Unde
1977 1401 2076 1449 puto
2111 1410 2132 1436 P

383 1465 599 1514 legendum
625 1476 722 1515 esse,
755 1476 837 1502 non
868 1473 910 1513 ¹³3
943 1476 1033 1501 cum
1062 1463 1294 1514 praesertim
1319 1478 1438 1503 voces
1467 1465 1641 1504 Ibericae
1661 1479 1744 1504 non
1773 1465 1927 1506 soleant
1954 1466 2132 1518 incipere

386 1534 434 1571 ab
464 1547 486 1570 r
514 1532 658 1571 littera.

440 1603 488 1641 V.
515 1603 536 1640 3
568 1601 724 1640 litterae
755 1603 970 1641 admodum
1000 1602 1206 1653 evanidae;
1245 1605 1388 1643 Cestae
1419 1603 1537 1642 amici
1566 1617 1703 1642 versus
1735 1607 1759 1644 3
1791 1608 1832 1643 et
1861 1606 1886 1643 4
1917 1617 2000 1644 non
2028 1608 2133 1644 recte

384 1671 664 1710 distinxerunt.
733 1672 855 1712 Quod
891 1675 982 1721 post
1016 1671 1204 1710 ultimum
1243 1673 1483 1711 elementum
1520 1677 1722 1722 praeterea
1759 1684 1780 1711 ι.
1808 1673 2008 1726 legerunt,
2046 1673 2134 1712 fleri
2213 1659 2216 1686 ἶ

384 1745 516 1791 potest
545 1745 592 1779 ut
620 1753 755 1778 verum
786 1739 860 1790 sit3
892 1753 984 1779 nam
1012 1739 1144 1790 imago
1174 1740 1232 1779 ibi
1261 1741 1406 1780 deficit.

441 1809 461 1847 b
492 1822 512 1848 Ε
544 1809 711 1848 evanida
746 1808 909 1858 quidem
948 1810 1019 1847 sed
1055 1817 1160 1848 certa
1193 1809 1280 1848 visa
1315 1815 1374 1849 est
1410 1812 1552 1849 Costae
1591 1810 1740 1850 amicis.
1801 1812 1898 1851 Post
1932 1822 1961 1849 N
1998 1810 2132 1850 littera

384 1892 464 1917 una
486 1878 581 1930 fuit,
615 1880 782 1917 fortasse
813 1889 842 1917 ο
875 1877 1016 1917 minor,

441 1949 549 1997 Lego
581 1947 807 1986 dubitanter
837 1945 1212 2000 Poecosuowc[i?]vo
1237 1944 1245 2001 l
1272 1946 1391 2001 En[o]
1424 1945 1606 2001 Pont(ii?)

442 2018 562 2058 Quod
591 2016 708 2055 initio
740 2022 809 2068 est,
843 2030 990 2055 nomen
1021 2016 1082 2055 dei
1115 2017 1271 2056 videtur
1301 2030 1399 2055 esse.
1452 2018 1530 2055 Sed
1557 2017 1675 2055 lectio
1697 2020 1736 2055 et
1765 2015 2039 2068 interpretatio
2067 2016 2132 2056 in-

386 2090 513 2124 certae
544 2090 716 2124 manent.

389 2232 504 2277 191b
544 2237 591 2275 In
623 2235 715 2274 colli
743 2236 788 2274 de
812 2235 912 2287 Toya
942 2249 1027 2275 cum
1059 2236 1294 2287 fragmentis
1323 2236 1574 2276 vasculorum
1597 2236 1736 2276 multis
1764 2235 1999 2287 prodierunt
2026 2235 2132 2284 frag-

442 2309 576 2343 menta
606 2306 684 2343 duo
717 2318 766 2343 ex
794 2305 926 2356 lapide
958 2305 1124 2344 calcario
1156 2319 1238 2344 non
1268 2305 1448 2344 eiusdem
1478 2305 1597 2344 tituli.
2104 2303 2106 2305 ’

385 2889 563 2928 Ioachim
604 2891 725 2927 Costa
763 2880 1050 2937 ‘Inscripciones
1088 2888 1148 2925 del
1182 2888 1258 2926 alto
1298 2879 1584 2939 Guadalquivir³
1623 2885 1775 2924 Remea
1811 2885 1943 2924 critica
1970 2887 1990 2924 1
2024 2886 2130 2929 1896

385 2973 423 3009 p.
452 2960 530 2997 123
563 2962 722 3008 accepta
750 2957 798 2995 ab
830 2956 980 2995 amicis.

444 3029 557 3069 Quae
587 3026 695 3064 visae
726 3030 820 3064 sunt
847 3025 1001 3064 litterae
1031 3026 1206 3064 Ibericae
1238 3039 1343 3078 esse,
1386 3025 1550 3064 Latinae
1586 3023 1721 3075 potius
1750 3025 1913 3062 fuerunt
1940 3024 2059 3062 rudes
2087 3027 2134 3061 ut

385 3097 428 3134 in
458 3110 496 3135 n.
535 3097 628 3147 191,
660 3096 825 3133 fortasse
855 3095 1046 3144 legendae
1078 3106 1154 3133 CEN
1186 3100 1225 3133 et
1254 3107 1324 3133 Αι..

390 3242 468 3286 191
484 3259 516 3284 c.
550 3241 634 3286 191
651 3246 677 3282 d
718 3245 837 3283 Samo
871 3244 992 3295 Τοφηέ,
1036 3243 1079 3281 in
1117 3243 1279 3293 praedio
1311 3244 1354 3281 de
1383 3244 1440 3281 las
1469 3241 1649 3290 Irijuelas
1677 3253 1801 3290 prope
1831 3239 2040 3291 oppidum,
2083 3240 2134 3277 ad

443 3316 658 3352 fenestram
687 3313 878 3352 maiorem
907 3313 1065 3351 aedium
1095 3326 1166 3362 pro
1195 3311 1375 3362 postibus
1413 3315 1506 3349 sunt
1536 3310 1643 3361 cippi
1672 3309 1911 3359 sepulcrales
1941 3309 2020 3347 duo
2050 3320 2132 3346 non

446 3382 622 3421 eiusdem
653 3383 810 3431 aetatis3
843 3382 942 3420 alter
970 3381 1115 3419 litteris
1144 3374 1261 3419 bonis
1292 3393 1391 3418 saec.
1420 3380 1451 3431 1,
1483 3378 1643 3429 punctis
1672 3376 1996 3428 triangularibus,
2035 3376 2134 3415 alter

445 3451 694 3499 aliquantum
725 3450 893 3488 detritus
923 3451 1043 3500 paulo
1074 3448 1283 3488 recentior.
