2216 3796
652 339 890 373 LVDORVM
927 339 1286 373 sAEochmvm.
1758 327 1854 374 305

139 454 268 495 valam
296 461 475 494 actorum
503 460 727 494 nostrorum
759 455 845 493 eius
874 455 999 493 filium
1031 442 1120 493 esse
1141 456 1267 494 voluit
1296 442 1456 495 aliunde
1486 457 1682 506 ignotum;
1713 469 1734 494 e
1764 469 1854 494 con-

66 539 68 542 *
137 523 267 563 uario*
295 523 405 563 Hula
439 522 658 563 Cornutum
698 529 872 561 actorum
910 530 1132 561 nostrorum
1179 525 1315 562 statuit
1350 525 1471 562 fuisse
1510 525 1671 563 Arvalis
1707 537 1854 575 cogno-

70 620 73 622 ψ
136 591 256 632 minis
284 598 462 631 actorum
493 605 530 630 a.
555 593 616 630 14.
645 591 709 629 20.
738 590 783 629 21
820 592 964 629 mortui
996 592 1182 642 praetorii
1215 605 1250 630 a.
1275 592 1326 629 24
1358 599 1508 642 patrem
1541 593 1616 631 hoc
1646 593 1734 631 solo
1764 593 1852 631 loco

55 654 95 691 s
133 660 392 701 nominatum.
442 661 595 700 Haeret
622 661 743 711 igitur
771 672 832 698 res
863 660 903 698 in
933 660 1007 698 hoc
1037 660 1197 698 homine
1227 668 1308 698 tam
1337 660 1528 716 Henzeno
1558 673 1675 710 quam
1704 661 1851 708 Hulae3

68 719 91 769 ἐ
133 741 224 768 nam
245 726 466 769 Cornutum
496 733 635 768 neuter
663 727 759 766 alibi
789 727 942 766 invenit
971 740 1045 766 suo
1076 741 1180 766 anno
1211 735 1359 778 aptum.
1409 729 1552 767 Potest
1577 729 1685 767 Hula
1715 743 1850 768 verum

66 819 89 839 „z
132 797 299 845 vidisse3
329 797 399 837 sed
428 796 587 837 facilius
618 795 870 835 admittemus
900 801 1052 847 patrem
1085 797 1280 834 nominari
1304 797 1342 834 in
1365 797 1465 835 actis
1487 798 1695 836 Arvalium
1726 811 1761 836 a.
1789 799 1850 836 14.

132 865 198 906 20.
220 864 285 904 21.
308 863 374 914 27,
403 865 526 905 filium
556 865 785 904 defunctum
816 876 904 903 esse
936 865 1175 918 praetorium
1209 878 1243 902 a.
1269 864 1334 902 24.
1385 864 1488 903 Nam
1522 879 1608 904 cum
1641 872 1754 904 extra
1779 867 1850 904 du-

58 919 95 970 s:
129 933 235 974 bium
273 934 328 975 sit
363 934 492 973 fuisse
527 933 614 973 eius
651 933 824 972 nominis
864 933 965 972 duos
1003 933 1128 979 viros,
1167 933 1223 971 ita
1253 933 1392 971 saltem
1436 947 1555 972 unum
1596 934 1724 973 solum
1762 935 1848 974 eius

58 1003 60 1007 ’
127 1001 300 1043 nominis
330 1002 563 1042 habebimus
594 1001 798 1040 Arvalem.

62 1105 147 1150 en.
175 1106 403 1158 Donffmus]
531 1110 588 1153 (v.
609 1105 666 1156 4).

73 1176 75 1178 ’
123 1173 338 1216 Later-culo
365 1175 458 1213 anni
489 1175 564 1214 733
588 1173 662 1213 Cn.
685 1173 887 1212 Domitius
917 1187 1056 1225 parum
1089 1179 1206 1224 aptus
1237 1180 1316 1221 est3
1349 1187 1439 1212 nam
1471 1174 1520 1212 de
1549 1187 1628 1224 quo
1659 1176 1847 1226 cogitavit

86 1284 89 1290 ,
125 1242 233 1283 Hula
267 1241 342 1283 Cn.
371 1243 577 1283 Domitius
614 1242 755 1281 consul
794 1256 828 1282 a.
854 1242 926 1280 701
970 1248 1009 1280 et
1044 1242 1184 1280 iterum
1223 1255 1258 1280 a.
1282 1243 1382 1290 714,
1427 1249 1543 1281 natus
1581 1249 1671 1281 ante
1706 1258 1740 1281 a.
1765 1245 1845 1283 660

0 1299 2 1323 f
125 1312 192 1352 vix
222 1324 328 1352 anno
362 1311 435 1351 illo
470 1317 606 1362 potest
638 1312 677 1349 in
714 1311 884 1362 collegio
919 1311 1058 1358 fuisse,
1098 1311 1220 1348 multo
1257 1311 1387 1349 minus
1419 1311 1479 1349 vir
1508 1318 1672 1350 exactae
1702 1314 1844 1351 aetatis

49 1370 74 1435 Δ·
124 1387 164 1422 et
187 1379 263 1429 ,bis
301 1380 443 1421 consul
478 1380 533 1419 ibi
573 1379 808 1419 adhaesisse
848 1380 938 1418 loco
974 1385 1165 1418 extremo.
1200 1401 1249 1407 —
1282 1378 1435 1418 Contra
1470 1380 1688 1419 laterculus
1720 1381 1753 1420 si
1785 1389 1847 1420 est

51 1451 67 1454 ”
121 1461 160 1488 a.
182 1447 250 1497 27,
278 1455 386 1488 reete
415 1448 654 1501 cogitabitur
690 1449 738 1486 de
769 1447 841 1496 Cn.
875 1448 1054 1487 Domitio
1085 1449 1355 1487 Ahenobarbo
1386 1449 1551 1487 consule
1585 1463 1620 1487 a.
1643 1448 1695 1488 32
1733 1456 1845 1500 patre

121 1517 376 1569 imperatoris
395 1516 584 1564 Neronis,
615 1530 730 1568 quem
762 1523 851 1556 acta
880 1517 961 1556 alia
990 1517 1196 1555 nominant
1226 1517 1275 1554 ab
1307 1530 1342 1555 a.
1366 1516 1415 1555 27
1449 1517 1499 1555 ad
1529 1531 1566 1556 a.
1588 1518 1639 1556 39
1670 1524 1709 1555 et
1738 1524 1843 1556 recte

66 1581 70 1590 '
121 1597 282 1641 quoque
310 1592 390 1625 tum
420 1586 593 1625 fortasse
614 1599 663 1624 ne
694 1586 916 1636 praetorius
946 1586 1103 1636 quidem
1135 1577 1354 1624 collocatur
1373 1586 1462 1624 loco
1492 1592 1683 1625 extremo.
1731 1585 1843 1625 Gens

121 1660 251 1696 autem
272 1653 452 1694 Domitia
481 1655 537 1693 ita
566 1661 662 1693 nota
690 1660 764 1702 est,
796 1660 839 1693 ut
858 1654 926 1692 vix
955 1653 1073 1692 liceat
1102 1654 1204 1692 hunc
1233 1654 1362 1693 locum
1394 1655 1575 1705 accipere
1605 1655 1653 1693 de
1684 1655 1843 1693 homine

87 1713 89 1715 ¹
119 1730 325 1775 praeterea
353 1723 503 1774 ignoto.
554 1723 630 1761 Hic
655 1723 777 1774 igitur
806 1736 894 1761 cum
915 1722 1096 1761 Henzeni
1129 1723 1323 1761 sententia
1352 1724 1500 1774 optime
1530 1724 1726 1770 convenit,
1758 1723 1841 1762 Hu-

91 1784 93 1786 ’
120 1790 251 1833 lanam
280 1791 474 1844 infringit.

34 1879 137 1937 ³01&
165 1895 372 1948 Pompeius
405 1896 453 1943 Q.
473 1898 510 1946 s.
541 1896 596 1946 (v.
619 1897 655 1936 6.
687 1896 766 1946 10).

53 1999 55 2002 .
82 1963 284 2005 vlu-aeter
311 1971 401 2004 acta
427 1965 539 2014 haec,
569 1978 671 2016 quae
701 1963 774 2004 Cn.
804 1949 1039 2015 Pompeium
1073 1963 1123 2013 Q.
1155 1965 1181 2003 f.
1211 1965 1427 2004 ostendunt
1457 1968 1689 2016 magistrum
1719 1966 1840 2005 eolle-

114 2032 183 2085 gio
211 2033 436 2085 praefuisse
464 2047 569 2073 anno
599 2039 669 2072 aut
689 2033 771 2072 734
800 2039 868 2072 aut
897 2046 933 2083 p.
953 2031 1045 2072 Chr.
1071 2033 1136 2078 28,
1168 2033 1443 2085 cognominis
1438 2034 1510 2071 vir
1544 2034 1716 2072 occurrit
1746 2047 1838 2072 con-

107 2101 179 2140 sul
215 2101 404 2142 suffectus
439 2115 477 2142 a.
501 2102 580 2141 723
618 2103 658 2140 in
688 2102 804 2140 fastis
832 2101 1052 2140 Venusinis
1083 2108 1123 2139 et
1152 2102 1430 2141 Amiterninis.
1489 2102 1590 2140 Item
1621 2103 1836 2141 secundum

113 2176 206 2210 acta
233 2170 440 2211 Arvalium
470 2185 507 2210 a.
529 2184 566 2221 p.
590 2169 684 2210 Chr.
719 2171 769 2208 14
801 2171 865 2208 die
892 2170 987 2208 Mai.
1014 2171 1062 2208 14
1093 2170 1196 2208 in'ter
1224 2182 1294 2209 eos
1325 2171 1391 2221 qui
1423 2171 1638 2209 adfuerunt
1665 2171 1835 2221 primum

114 2238 243 2278 locum
274 2245 382 2280 tenet
415 2240 483 2280 On.
513 2239 718 2290 Pompeius
749 2238 796 2285 Q.
818 2240 856 2288 s.
886 2238 1105 2289 eodemque
1136 2252 1240 2277 anno
1271 2240 1310 2277 in
1342 2239 1461 2278 locum
1493 2239 1560 2278 Cn.
1593 2267 1741 2279 ......
1772 2253 1836 2276 co-

23 2327 63 2337 =-
87 2339 89 2341 .
116 2313 276 2358 optatus
311 2315 377 2348 est
406 2337 444 2348 ..
474 2309 678 2358 Pompeius
713 2320 849 2357 auqur.
922 2307 1107 2358 Denique
1144 2308 1182 2346 in
1220 2308 1320 2346 actis
1357 2320 1483 2357 nuper
1519 2311 1687 2358 repertis
1725 2322 1760 2346 a.
1783 2308 1836 2346 20

34 2367 35 2370 Ἰ
84 2375 216 2415 -inoer
249 2389 318 2417 eos
350 2377 418 2429 qui
456 2377 669 2416 adfuerunt
700 2377 840 2415 ultimo
878 2377 968 2415 loco
1007 2382 1233 2415 recensetur
1275 2375 1329 2415 Cn
1332 2404 1471 2416 .....
1510 2390 1645 2427 auyur.
1710 2377 1835 2415 Hisce

59 2461 65 2472 ‹‘
111 2445 212 2484 aetia
241 2445 333 2484 anni
353 2445 407 2484 20
436 2459 574 2497 parum
607 2452 699 2496 apte
727 2446 980 2484 inseruerunt
1010 2458 1152 2483 nomen
1184 2444 1364 2490 Lentuli,
1404 2458 1494 2483 nam
1525 2458 1767 2495 quamquam
1798 2446 1834 2484 is

38 2542 60 2550 ,⁴
86 2537 89 2543 ι
111 2513 270 2553 advixit
297 2513 348 2552 ad
377 2526 414 2553 a.
436 2513 490 2553 22
519 2513 708 2564 (Tacitus
739 2526 828 2552 ann.
861 2513 900 2561 2,
922 2513 1013 2563 59),
1052 2514 1111 2550 vir
1146 2514 1291 2552 summi
1323 2513 1484 2552 honoris
1514 2519 1553 2552 et
1583 2514 1832 2564 grandaevus

110 2581 221 2620 nullo
249 2582 368 2623 modo
397 2587 577 2622 extremo
605 2582 695 2620 loco
725 2582 912 2621 collocari
944 2582 1086 2632 potuit.
1145 2580 1296 2620 Contra
1325 2589 1430 2620 recte
1461 2582 1524 2620 hic
1554 2583 1683 2620 locum
1718 2583 1834 2620 habet

111 2677 150 2687 ..
189 2650 392 2701 Pompeius
435 2663 561 2701 auqur
598 2650 666 2689 ille
710 2651 886 2689 adlectus
928 2657 1019 2689 ante
1063 2662 1189 2690 annos
1234 2663 1382 2700 paucos
1419 2663 1544 2701 neque
1588 2651 1831 2696 consularis3

109 2717 212 2757 unde
249 2719 328 2758 iam
367 2724 525 2766 constat
563 2719 612 2758 de
648 2719 904 2770 praenomine
945 2720 1052 2766 eius,
1092 2719 1196 2768 quod
1237 2732 1287 2758 ex
1327 2720 1425 2757 actis
1465 2733 1501 2758 a.
1527 2720 1576 2757 14
1615 2719 1828 2768 exciditl).

92 2785 289 2825 vIndidem
329 2787 561 2838 colligemus
597 2786 781 2827 Gnaeum
820 2801 929 2835 eum,
968 2788 1006 2825 in
1047 2788 1159 2826 cuius
1198 2787 1328 2826 locum
1368 2788 1579 2831 successit,
1617 2788 1684 2826 vix
1726 2794 1831 2825 recte

107 2854 215 2895 credi
245 2867 336 2894 esse
367 2854 439 2895 Cn.
471 2856 705 2905 Pompeium
738 2855 788 2904 Q.
818 2857 846 2894 f.
882 2856 1124 2894 nominatum
1157 2856 1259 2894 inter
1289 2862 1519 2905 praesentes
1551 2868 1686 2894 mense
1723 2856 1830 2894 Maio

107 2923 199 2962 anni
238 2923 435 2970 eiusdem,
469 2937 580 2970 nam,
619 2930 662 2962 ut
696 2930 801 2963 recte
831 2924 1058 2963 observavit
1089 2924 1337 2974 Borghesius
1368 2924 1479 2974 (opp.
1503 2926 1540 2971 3,
1568 2924 1683 2973 134),
1722 2924 1827 2973 quod

106 2991 265 3030 additur
301 3005 428 3043 auqur
464 2993 636 3044 flagitat,
672 2999 716 3031 ut
753 2992 830 3031 duo
870 2993 1123 3043 cognomines
1157 2992 1228 3031 viri
1265 2999 1346 3031 tum
1384 2994 1424 3031 in
1461 2993 1631 3043 collegio
1668 2993 1826 3031 fuerint.

106 3059 354 3099 Habebimus
391 3073 481 3109 eos,
522 3061 585 3098 ubi
624 3061 835 3099 statuimus
872 3059 945 3100 Cn.
979 3061 1213 3110 Pompeium
1252 3061 1302 3110 Q.
1334 3062 1360 3101 f.
1401 3067 1661 3099 memoratum
1693 3074 1827 3099 mense

35 3146 37 3150 ’
106 3127 214 3166 Maio
242 3134 283 3167 et
312 3127 384 3167 Cn.
416 3129 651 3179 Pompeium
691 3141 878 3180 augurem
910 3129 1106 3167 adlectum
1140 3142 1275 3168 mense
1305 3130 1516 3168 Decembri
1549 3130 1666 3167 simul
1699 3142 1826 3167 sacer—

105 3197 255 3235 dotium
286 3197 485 3248 -tenuissffl
554 3197 635 3235 Iam
677 3203 886 3247 postquam
934 3197 1292 3236 demonstravimus
1334 3198 1372 3235 in
1413 3197 1579 3248 collegio
1622 3198 1823 3235 Arvalium

103 3263 206 3302 duos
240 3264 364 3304 fuisse
395 3264 469 3304 Cn.
504 3265 735 3316 Pompeios,
772 3265 980 3303 videndum
1020 3272 1080 3304 est
1107 3265 1155 3303 de
1186 3265 1466 3304 distributione
1496 3265 1822 3304 testimoniorum.

152 3466 182 3509 ¹)
215 3469 354 3502 Erravit
379 3470 484 3511 igitur
508 3469 715 3511 Borghesius
742 3480 822 3512 opp.
850 3469 883 3510 3,
908 3471 975 3503 134
1002 3470 1145 3504 Sextum
1173 3480 1250 3502 eum
1277 3471 1380 3503 fuisse
1407 3463 1568 3503 statuens.

103 3539 351 3580 Epununms
383 3552 520 3580 amon.
557 3553 650 3580 vo1..
669 3542 781 3580 VIII.
1498 3544 1548 3581 20
